1712 2825
54 220 82 240 a.
103 211 158 238 Ch.
179 211 240 237 180.

456 178 583 232 misit
606 198 758 232 xxxx.
808 199 901 231 CAP.
919 199 973 232 37.
991 199 1044 232 38.

1384 201 1461 239 175

52 316 242 358 passuum
263 309 366 342 esset
384 302 652 348 commissum,
671 301 710 341 C.
728 301 884 341 Claudio
907 302 1090 353 praetori,
1113 303 1177 353 qui
1200 302 1238 340 in
1259 302 1386 341 locum
1405 302 1463 341 Ti.

54 360 212 401 Minucii
233 365 313 399 erat
333 361 536 405 suffectus,
566 359 662 398 ultra
685 359 876 398 decimum
897 358 1063 409 lapidem
1086 371 1156 409 per
1176 359 1260 398 fora
1282 358 1461 398 concilia-

52 418 215 469 bulaque
230 416 269 455 C.
285 417 446 463 Maenio,
468 416 697 467 priusquam
719 416 757 454 in
776 415 994 454 Sardiniam
1016 415 1252 466 provinciam
1273 416 1462 463 traiceret,

55 475 219 514 decreta.
259 478 440 524 suspecta
463 473 634 511 consulis
656 478 737 511 erat
757 485 864 510 mors
882 475 1061 511 maxime.
1102 478 1261 511 necatus
1281 485 1299 510 a
1318 473 1460 518 Quarta

53 529 212 569 Hostilia
230 542 349 568 uxore
366 529 573 569 dicebatur.
607 534 648 568 ut
669 529 824 580 quidem
843 529 943 567 filius
961 528 1043 567 eius
1062 529 1107 575 Q.
1126 528 1281 567 Fulvius
1299 528 1458 567 Flaccus

50 587 90 626 in
119 587 249 625 locum
277 586 398 625 vitrici
429 586 566 626 consul
594 591 653 624 est
679 586 915 632 declaratus,
947 585 1140 636 aliquanto
1164 585 1285 636 magis
1308 584 1461 623 infamis

50 655 158 682 mors
179 642 335 682 Pisonis
358 643 485 694 coepit
505 655 614 690 esse;
635 648 672 681 et
691 648 811 681 testes
833 642 1080 687 exsistebant,
1103 642 1167 693 qui
1183 647 1276 693 post
1292 642 1463 680 declara-

48 704 112 739 tos
135 699 315 739 consules
332 699 513 739 Albinum
535 706 573 738 et
588 699 786 746 Pisonem,
809 699 948 750 quibus
966 699 1132 738 comitiis
1149 699 1309 737 Flaccus
1325 698 1464 737 tulerat

0 779 4 783 -
47 756 263 808 repulsam,
292 763 330 796 et
350 756 627 808 exprobratum
649 756 681 794 ei
703 769 722 795 a
746 762 867 795 matre
889 756 1080 802 dicerent,
1105 756 1210 806 quod
1231 755 1305 794 iam
1329 754 1360 793 ei
1382 761 1461 793 ter-

46 813 143 852 tium
165 819 324 864 negatus
348 813 572 852 consulatus
595 813 740 864 petenti
762 818 876 859 esset,
900 818 936 851 et
956 812 1153 859 adiecisse,
1176 817 1331 863 pararet
1351 824 1392 851 se
1414 811 1460 851 ad

47 870 277 922 petendum3
308 871 407 909 intra
430 870 530 909 duos
551 882 708 909 menses
730 870 970 916 effecturam,
988 874 1030 908 ut
1051 869 1189 908 consul
1210 870 1328 908 fieret.
1361 869 1460 907 inter

47 927 164 966 multa
193 926 262 965 alia
290 927 512 966 testimonia
547 927 593 966 ad
627 939 779 966 causam
814 926 1045 978 pertinentia
1077 926 1173 965 haec
1194 938 1348 977 quoque
1369 939 1456 970 vox,

46 983 163 1022 nimis
184 995 272 1022 vero
296 989 434 1023 eventu
456 983 728 1035 comprobata,
759 983 894 1030 valuit,
925 995 992 1022 cur
1012 982 1178 1022 Hostilia
1200 983 1458 1022 damnaretur.

159 1039 268 1079 Veris
296 1040 486 1091 principio
509 1040 641 1087 huius,
670 1040 761 1079 dum
785 1040 963 1079 consules
984 1051 1108 1078 novos
1130 1040 1290 1079 dilectus
1314 1040 1460 1078 Romae
1489 1047 1508 1080 8

46 1101 171 1142 tenet,
200 1108 308 1135 mors
331 1097 468 1136 deinde
489 1097 643 1136 alterius
662 1102 699 1135 et
719 1097 873 1136 creandi
897 1096 1050 1135 comitia
1074 1096 1246 1135 consulis
1268 1097 1307 1135 in
1328 1097 1458 1136 locum

47 1153 128 1191 eius
151 1153 280 1191 omnia
300 1153 467 1192 tardiora
488 1153 674 1192 fecerunt.
715 1153 867 1191 interim
886 1154 926 1192 P.
947 1153 1147 1192 Cornelius
1165 1159 1201 1191 et
1217 1154 1263 1192 Μ.
1283 1153 1457 1198 Baebius,
1488 1161 1507 1193 9

49 1209 112 1260 qui
134 1208 172 1247 in
195 1209 395 1248 consulatu
418 1209 510 1248 nihil
532 1209 782 1248 memorabile
805 1214 1016 1260 gesserant,
1038 1210 1076 1248 in
1094 1210 1280 1260 Apuanos
1298 1209 1457 1260 Ligures

48 1264 255 1304 exercitum
274 1266 516 1305 induxerunt.
561 1266 733 1316 Ligures,
752 1266 815 1317 qui
833 1271 919 1305 ante
936 1267 1142 1305 adventum
1162 1267 1200 1305 in
1218 1266 1455 1317 provinciam
1483 1268 1536 1308 38

47 1321 250 1360 consulum
274 1334 351 1360 non
374 1328 646 1373 expectassent
665 1322 828 1368 bellum,
859 1323 1058 1373 inproviso
1082 1323 1261 1373 obpressi
1284 1323 1329 1361 ad
1353 1323 1457 1361 duo—

46 1377 168 1416 decim
202 1377 303 1416 milia
331 1379 535 1417 hominum
569 1379 798 1418 dediderunt
826 1391 878 1417 se.
922 1391 989 1417 eos
1020 1379 1197 1417 consulto
1220 1391 1290 1430 per
1311 1379 1456 1418 litteras
1486 1388 1505 1420 2

43 1433 152 1486 prius
181 1439 320 1474 senatu
347 1435 535 1475 deducere
563 1448 608 1474 ex
635 1435 834 1474 montibus
863 1435 901 1474 in
924 1447 1038 1486 agros
1060 1442 1298 1487 campestres
1321 1435 1458 1487 procul

46 1546 105 1586 103
130 1546 183 1589 25,
200 1547 231 1587 5,
249 1546 279 1578 6.
296 1565 340 1570 —
357 1550 504 1590 prin-sq„
529 1548 591 1580 wie
610 1548 710 1580 sehon

44 1591 96 1635 39,
115 1592 168 1634 38,
192 1591 229 1631 33
257 1593 317 1624 der
340 1592 462 1625 Priitor
486 1594 516 1625 in
537 1594 710 1625 Sardinien

42 1637 148 1670 bleibt
165 1638 384 1670 unterdessen
402 1639 453 1670 als
468 1644 666 1681 propraetor
680 1640 709 1670 in

43 1684 156 1715 seiner
174 1683 351 1723 Funktion,
370 1694 396 1715 s,
416 1684 469 1723 39,
488 1684 542 1722 41,
562 1685 591 1716 5.

89 1729 176 1762 5-7.
200 1731 351 1760 maa-ime
371 1730 415 1760 ist
438 1730 495 1761 mit
513 1729 710 1762 Nachdruck

41 1784 82 1805 an
100 1775 157 1805 (las
173 1773 264 1806 Ende
278 1775 428 1814 gestent,
442 1775 509 1814 vgl.
526 1775 591 1806 Cic.
608 1774 708 1806 Tusc.

46 1820 73 1861 1,
94 1820 144 1858 15,
163 1818 222 1850 35:
243 1829 380 1852 cernere
396 1823 542 1852 naturae
558 1822 624 1852 vim
639 1831 711 1851 ma-

41 1875 163 1904 oeume3
189 1863 290 1905 Legg.
315 1864 346 1905 2,
371 1865 422 1906 27,
448 1865 501 1897 69.
519 1884 562 1888 —
583 1866 712 1905 Quarta

41 1909 98 1949 H.‚
121 1920 158 1941 so
182 1910 241 1941 mit
264 1911 560 1951 vorangestelltein
579 1911 710 1943 Vorna-

42 1954 712 1997 menwerdeninsriihererZeitgewiilin—

42 2000 106 2032 lich
128 2001 180 2033 die
198 2000 329 2032 Frauen
349 2002 557 2041 bezeichnet,
582 2002 711 2033 seltner

43 2046 72 2077 iu
93 2046 327 2085 umgekehrter
345 2047 517 2088 Ordnung,
538 2058 565 2079 s.
585 2048 637 2087 29,
660 2047 710 2087 14,

45 2091 102 2122 12:
121 2090 277 2124 Claudiae
304 2091 454 2134 Quintae,
479 2092 582 2135 Marq.
603 2094 633 2132 5,
656 2093 706 2124 19.

41 2154 85 2159 —
102 2136 237 2178 quidam
261 2137 356 2169 stent
380 2139 440 2169 den
467 2138 546 2170 Satz
571 2138 620 2169 als
647 2138 708 2169 Bc-

43 2180 234 2222 kriiftigung
259 2183 316 2214 des
342 2182 546 2221 Vorhcrgeb.
569 2184 639 2215 dar.
667 2203 707 2206 —

46 2224 81 2265 Q.
106 2226 214 2267 Fulv„
239 2237 267 2258 s.
292 2227 343 2267 38,
368 2228 428 2266 353
453 2230 514 2267 42;
540 2230 620 2260 nach
645 2229 705 2260 deu

43 2269 166 2303 Fasten
185 2270 219 2311 Q.
232 2271 370 2304 Fulvius
386 2273 486 2316 Cn.s.
504 2274 549 2306 M.
563 2285 595 2306 η.
611 2274 708 2306 Flac-

43 2326 112 2357 cus,
135 2327 162 2348 s.
182 2327 209 2348 c.
233 2316 286 2356 41,
310 2317 339 2348 7.
359 2336 401 2341 —
424 2319 548 2362 repuis.
575 2319 645 2357 tuh,
671 2330 708 2350 er

44 2361 99 2393 bat
117 2362 184 2393 sich
203 2362 275 2393 also
301 2363 358 2393 mit
381 2364 504 2395 seinem
524 2364 708 2396 Stiesvater

43 2407 195 2447 zugleich
229 2407 425 2447 beworben3
467 2410 518 2440 die
551 2409 706 2440 sriiheren

45 2451 292 2492 Bewerbungen
312 2455 476 2492 (tertium)
496 2455 550 2485 luat
570 2454 604 2487 L.
620 2455 708 2486 nicht

44 2498 200 2530 ern-finnt.
219 2516 263 2521 ὴ
279 2500 386 2538 intra,
412 2500 471 2530 elie
495 2501 707 2539 vergiengen.

43 2558 87 2565 —
127 2543 230 2575 valuit
269 2554 346 2584 cnr,
380 2555 450 2575 war
488 2545 539 2576 ein
582 2545 707 2585 Grund,

45 2596 181 2627 warum,
199 2593 275 2627 trug
299 2590 381 2620 dazu
407 2589 468 2627 bei,
491 2590 579 2629 dass,
604 2601 629 2622 s.
655 2591 706 2631 31,

45 2630 99 2673 45,
120 2632 175 2665 13:
193 2644 252 2665 uec
265 2638 472 2676 meruerant,
491 2646 566 2675 cnr3
587 2635 639 2678 32,
655 2635 707 2678 32,

785 1549 820 1579 5:
845 1559 953 1589 mora,
970 1558 1050 1586 c11r3
1076 1548 1130 1586 42,
1150 1547 1203 1589 29,
1225 1548 1281 1585 11;
1307 1547 1401 1580 Caes.
1422 1548 1457 1580 B.

785 1592 824 1625 G.
845 1593 872 1632 1,
895 1594 945 1634 14,
965 1594 999 1624 2:
1017 1605 1123 1636 neque
1141 1595 1362 1626 commissum
1375 1604 1396 1625 a
1408 1605 1456 1634 se,

784 1649 888 1680 quare
910 1640 1080 1682 perirent;
1108 1639 1144 1670 L.
1171 1638 1224 1676 29,
1255 1639 1306 1678 15,
1337 1638 1388 1671 13.
1411 1657 1456 1662 —-

783 1684 948 1725 dammam,
978 1683 1031 1716 fiir
1060 1684 1211 1724 schuldig
1235 1684 1366 1716 erkliirt
1391 1685 1455 1716 und

783 1730 848 1760 wol
869 1740 940 1761 zum
959 1728 1051 1760 Tode
1069 1730 1281 1761 verurtbeilt.

830 1768 899 1807 37.
941 1774 1052 1806 8-30.
1093 1774 1357 1814 Uebersiedlung
1396 1775 1456 1806 der

783 1821 1004 1862 apuanischen
1031 1819 1173 1860 Ligurer
1192 1821 1221 1851 in
1245 1820 1302 1851 das
1327 1820 1455 1851 Samni-

784 1866 926 1897 terland.

829 1910 927 1942 8—9.
955 1912 1042 1942 reris
1061 1911 1151 1942 stelit
1178 1921 1239 1942 vor
1261 1910 1354 1949 dente,
1377 1910 1454 1942 weil

784 1967 819 1987 es
845 1957 901 1987 init
925 1957 996 1987 dem
1021 1955 1227 1996 Vorhergeh.
1254 1957 1283 1987 in
1310 1956 1454 1987 Verbin-

783 2002 871 2040 dung
894 2003 994 2033 steht.
1015 2020 1056 2024 —
1082 2004 1180 2043 tenet,
1205 2012 1232 2033 s.
1259 2001 1312 2042 37,
1337 2002 1391 2042 50,
1417 2001 1452 2039 73

783 2047 825 2078 ib.
844 2048 872 2087 ti,
892 2048 910 2077 2
931 2058 961 2078 u.
980 2057 1008 2078 a.
1027 2065 1071 2071 —-
1088 2047 1227 2079 creandi
1241 2058 1268 2078 c.
1282 2057 1384 2085 cons„
1400 2048 1452 2078 die

783 2103 822 2123 zu
842 2093 902 2123 der
922 2092 1020 2123 Wahl
1039 2092 1258 2133 bestimmten,
1285 2093 1368 2124 dazu
1393 2103 1453 2131 ge-

780 2138 958 2174 biirenden,
984 2138 1150 2179 niithigen,
1169 2149 1195 2169 s.
1212 2138 1262 2178 39,
1283 2138 1336 2176 39,
1356 2138 1372 2168 ’ἰ
1389 2138 1451 2178 [wo

782 2194 822 2214 zu
846 2183 935 2214 lesen
963 2184 1020 2214 ist:
1046 2188 1140 2215 sonst
1163 2183 1369 2223 gewiihnlich
1395 2184 1454 2214 der

780 2229 881 2259 dativ.
900 2229 1098 2269 gerundivss,
1117 2230 1183 2269 vgl.
1208 2228 1261 2268 32),
1280 2229 1339 2268 45,
1359 2233 1389 2259 b.
1410 2246 1453 2251 —

784 2276 929 2316 Apuani,
948 2285 975 2305 c.
995 2274 1048 2305 36.

826 2312 894 2352 38.
924 2319 995 2350 1-2.
1021 2321 1111 2361 qm'-
1125 2322 1266 2362 e-rpact.,
1281 2319 1451 2357 witin-und,

779 2365 818 2396 da
838 2366 885 2396 sie
901 2365 999 2395 nicht.
1015 2383 1057 2387 —
1071 2366 1235 2408 obpressi,
1251 2375 1344 2395 wenn
1362 2364 1450 2394 nicht

780 2411 860 2441 nach
892 2411 950 2441 der
979 2414 1090 2441 ersten
1118 2410 1270 2448 Ausgabe
1297 2410 1450 2450 obpressi

779 2458 859 2487 sunt
874 2455 1098 2486 bei-zustellen
1115 2456 1168 2493 ist,
1185 2465 1273 2486 iuuss
1289 2454 1334 2484 ad
1346 2453 1446 2485 duud.

779 2500 847 2533 mil.
872 2501 922 2532 uls
954 2500 1225 2532 beselniinkvnde
1252 2499 1446 2540 Apposition

781 2557 820 2577 zu
850 2545 915 2587 Lr'g·
963 2558 997 2577 es
1027 2546 1214 2576 betraclitet
1240 2544 1394 2582 werden,
1420 2554 1447 2576 s.

780 2591 834 2629 21,
853 2591 905 2627 24,
945 2616 951 2621 .
967 2609 1010 2614 —
1024 2590 1187 2621 aladen-ere
1201 2594 1276 2625 etin,
1292 2591 1445 2629 gewiilin-

782 2637 844 2668 licb
864 2637 996 2668 werden
1021 2635 1175 2667 dediticii
1197 2635 1287 2666 nicht
1311 2645 1348 2666 so
1373 2635 1446 2666 hart

1489 481 1507 512 01
