1712 2825
344 243 591 277 PERIOCHAE
616 243 840 276 LIBRORUM
865 244 1180 278 LXX—LXXIIII.
1384 246 1465 286 299

60 347 177 380 Asiam
193 345 403 386 defenderat,
422 346 551 379 invisus
569 346 719 389 equestri
736 346 864 385 ordini,
883 356 982 389 penes
1002 358 1096 389 quem
1114 348 1238 380 iudicia
1255 352 1362 389 erant,
1381 358 1477 391 repe-

61 393 239 425 tundarum
267 392 438 423 damnatus
463 392 496 423 in
520 392 659 424 exilium
682 392 802 424 missus
826 397 888 424 est.
934 391 969 422 C.
993 392 1128 424 Sentius
1152 399 1290 435 praetor
1312 394 1474 425 adversus

61 437 210 470 Thracas
227 435 412 469 infeliciter
429 438 599 479 pugnavit.
632 442 766 481 senatus
783 448 855 469 cum
873 437 1091 479 inpotentiam
1108 439 1275 480 equestris
1295 439 1424 471 ordinis
1442 439 1475 471 in

62 483 198 515 iudiciis
217 482 412 514 exercendis
430 482 519 514 ferre
538 483 652 521 nollet,
671 483 759 514 omni
773 483 807 514 vi
822 483 904 514 eniti
918 483 1041 524 coepit,
1058 488 1094 514 ut
1112 484 1151 514 ad
1170 494 1205 515 se
1223 485 1348 516 iudicia
1364 489 1477 516 trans-

62 527 180 569 ferret,
195 527 382 560 sustinente
400 537 532 559 causam
550 528 621 559 eius
639 527 682 559 M.
701 527 800 559 Livio
818 528 926 560 Druso
943 528 1077 559 tribuno
1096 528 1220 570 plebis,
1240 530 1312 572 qui,
1330 534 1366 561 ut
1383 530 1476 561 vires

62 573 128 605 sibi
149 573 359 615 adquireret,
380 573 571 614 perniciosa
594 583 650 615 spe
674 573 891 614 largitionum
914 573 1041 615 plebem
1066 574 1261 606 concitavit.
1301 579 1476 617 praeterea

61 623 170 650 motus
187 618 308 661 Syriae
326 628 505 660 regumque
522 619 680 650 continet.

619 698 682 731 EX
699 698 775 730 LIB.
794 697 917 730 LXXI.

153 752 196 785 M.
216 751 333 784 Livius
351 752 479 784 Drusus
497 753 652 784 tribunus
670 752 795 795 plebis,
813 763 874 794 quo
893 752 1077 784 maioribus
1095 753 1227 785 viribus
1245 758 1380 785 senatus
1400 763 1478 785 cau-

61 808 132 830 sam
149 802 336 840 susceptam
359 802 530 838 tueretur,
555 798 664 829 socios
689 802 721 829 et
744 796 880 828 Italicos
904 799 1043 840 populos
1062 808 1119 840 spe
1143 799 1295 830 civitatis
1312 798 1477 830 Romanae

14 846 19 851 '
61 843 282 883 sollicitavit,
306 843 420 885 eisque
444 843 680 874 adiuvantibus
703 853 762 884 per
781 842 847 873 vim
869 843 999 884 legibus
1018 844 1165 884 agrariis
1182 843 1478 886 frumentariisque

61 888 143 920 latis
161 888 373 920 iudiciariam
392 898 518 930 quoque
536 888 694 930 pertulit,
717 892 754 919 ut
776 897 879 930 aequa
903 893 998 930 parte
1016 889 1141 920 iudicia
1157 899 1257 931 penes
1276 894 1425 921 senatum
1444 894 1477 921 et

63 938 252 976 equestrem
276 933 426 964 ordinem
449 937 572 965 essent.
614 943 685 964 cum
709 932 827 964 deinde
851 934 1015 975 promissa
1037 935 1139 965 sociis
1163 935 1284 966 civitas
1308 934 1477 976 praestari

62 989 127 1010 non
143 982 268 1021 posset,
286 978 367 1010 irati
384 977 495 1010 Italici
512 977 729 1010 defectionem
753 978 883 1018 agitare
907 984 1097 1020 coeperunt.
1132 989 1245 1011 eorum
1264 984 1378 1012 coetus
1398 990 1476 1011 con-

61 1023 313 1065 iurationesque
331 1028 363 1055 et
382 1023 552 1055 orationes
572 1024 603 1054 in
622 1023 774 1054 consiliis
796 1023 983 1066 principum
1002 1022 1204 1056 referuntur.
1239 1030 1376 1067 propter
1394 1035 1476 1067 quae

60 1068 180 1101 Livius
196 1069 325 1100 Drusus
344 1068 473 1100 invisus
492 1069 593 1100 etiam
616 1068 749 1100 senatui
771 1067 878 1100 factus
903 1069 996 1101 velut
1013 1070 1149 1101 socialis
1169 1070 1248 1102 belli
1265 1076 1400 1109 auctor,
1424 1070 1477 1101 in-

63 1119 191 1146 certum
209 1124 227 1145 a
245 1125 318 1156 quo,
337 1114 425 1145 domi
444 1114 574 1145 occisus
593 1119 654 1145 est.

612 1194 674 1225 EX
692 1193 769 1226 LIB.
789 1193 925 1226 LXXII.

151 1247 261 1281 Italici
278 1248 389 1291 populi
407 1247 612 1287 defecerunt,
628 1248 792 1289 Picentes,
810 1248 956 1287 Vestini,
971 1248 1088 1287 Marsi,
1103 1249 1264 1291 Paeligni,
1280 1249 1476 1289 Marrucini,

63 1293 246 1333 Samnites,
268 1294 406 1325 Lucani.
436 1294 535 1325 initio
555 1294 635 1325 belli
653 1304 670 1324 a
689 1293 881 1325 Picentibus
900 1299 989 1325 moto
1009 1295 1046 1336 Q.
1066 1295 1231 1327 Servilius
1250 1296 1425 1337 proconsul
1445 1295 1477 1327 in

62 1339 181 1381 oppido
202 1339 325 1372 Asculo
344 1349 415 1370 cum
435 1339 584 1370 omnibus
603 1339 732 1370 civibus
752 1338 918 1377 Romanis,
938 1340 991 1381 qui
1011 1341 1042 1371 in
1062 1351 1099 1371 eo
1119 1341 1237 1382 oppido
1257 1346 1370 1379 crant,
1388 1341 1478 1371 ocei-

61 1395 118 1416 sus
143 1389 203 1416 est.
236 1394 316 1426 saga
339 1384 478 1426 populus
508 1384 659 1426 sumpsit.
706 1384 844 1415 Servius
869 1384 973 1416 Galba
999 1396 1016 1416 a
1043 1385 1186 1417 Lucanis
1210 1387 1477 1428 comprehensus,

60 1429 159 1461 unius
189 1429 329 1461 feminae
359 1439 475 1472 opera,
506 1430 546 1460 ad
571 1439 665 1471 quam
688 1429 943 1470 devertebatur,
973 1442 990 1461 e
1014 1430 1212 1473 captivitate
1236 1436 1390 1472 receptus
1413 1436 1477 1463 est.

61 1474 227 1507 Aesernia
244 1480 277 1506 et
294 1474 379 1506 Alba
398 1474 549 1506 coloniae
567 1475 606 1505 ab
625 1474 754 1506 Italicis
779 1474 935 1506 obsessae
960 1480 1047 1507 suut.
1082 1476 1210 1507 auxilia
1229 1476 1346 1508 deinde
1364 1475 1476 1507 Latini

62 1520 205 1552 nominis
228 1525 485 1562 exterarumque
506 1519 651 1561 gentium
677 1520 779 1551 missa
803 1520 921 1562 populo
947 1520 1092 1552 Romano
1117 1526 1149 1553 et
1179 1522 1412 1563 expeditiones
1444 1522 1475 1552 in

63 1566 170 1597 vivem
189 1566 515 1608 expugnationesque
534 1565 664 1596 urbium
683 1564 884 1597 referuntur.

602 1645 665 1677 EX
684 1645 759 1677 LIB.
780 1644 932 1677 Lxxm.

153 1700 189 1732 L.
208 1699 311 1732 Iulius
330 1700 456 1731 Caesar
472 1700 587 1731 consul
612 1700 697 1732 male
715 1701 876 1732 adversus
894 1700 1060 1732 Samnites
1079 1701 1248 1743 pugnavit.
1284 1701 1365 1733 Nola
1385 1702 1477 1732 colo-

62 1746 117 1778 nia
140 1746 173 1778 in
198 1750 394 1789 potestatem
413 1745 610 1777 Samnitium
634 1746 726 1777 venit
749 1757 820 1776 rum
839 1745 874 1777 L.
898 1745 1066 1777 Postumio
1085 1751 1256 1788 praetore,
1282 1747 1337 1787 qui
1361 1746 1401 1777 ab
1426 1747 1475 1778 eis

65 1790 263 1823 interfectus
286 1796 347 1822 est.
388 1791 573 1832 complures
596 1791 708 1833 populi
732 1792 772 1822 ad
791 1792 905 1822 hostes
931 1791 1134 1823 deleverunt.
1176 1803 1246 1822 runi
1274 1791 1308 1823 l'.
1331 1791 1475 1823 Rutilius

62 1837 178 1868 consul
192 1847 305 1879 parum
321 1846 478 1878 prospere
493 1836 654 1867 adversus
664 1835 792 1868 Marsos
809 1841 983 1878 pugnasse!
1001 1841 1033 1867 ct
1048 1837 1079 1867 iu
1095 1846 1132 1868 eo
1144 1837 1269 1878 proelio
1285 1837 1476 1876 cecidisset,

63 1881 98 1913 C.
118 1881 263 1921 Marius,
286 1881 416 1921 legatus
433 1881 523 1920 eius,
546 1881 684 1913 meliore
708 1886 827 1913 eventu
853 1892 923 1912 rum
948 1882 1098 1913 hostibus
1117 1882 1189 1912 arie
1208 1882 1370 1914 conflixit.
1404 1882 1476 1913 Ser.

63 1926 232 1968 Sulpicius
257 1926 434 1966 Paelignos
459 1926 587 1967 proelio
611 1925 707 1957 fudit.
743 1926 779 1967 Q.
799 1927 920 1968 Caepio
947 1927 1076 1967 legatus
1094 1926 1200 1958 Rutili
1225 1938 1296 1958 rum
1321 1928 1477 1959 obsessus

62 1981 223 2014 prospere
242 1971 273 2002 in
292 1972 405 2002 hostes
423 1971 591 2012 erupisset
614 1976 647 2003 et
665 1972 705 2002 ob
723 1982 794 2002 eum
814 1982 1003 2003 successum
1021 1977 1195 2013 arquatum
1214 1973 1242 2004 ei
1261 1983 1334 2004 cum
1353 1974 1386 2005 C.
1407 1971 1477 2004 Ma-

63 2017 116 2049 rio
134 2022 224 2049 esset
242 2016 431 2059 imperium,
456 2017 656 2048 temerarius
681 2017 788 2048 fartus
812 2022 845 2048 et
871 2017 1118 2049 circumventus
1137 2018 1269 2049 insidiis
1288 2018 1361 2050 fuso
1379 2028 1478 2050 excr-

63 2062 133 2094 citu
150 2062 284 2094 cecidit.
318 2061 353 2092 L.
374 2061 476 2093 lulius
496 2063 619 2093 Cacsar
637 2063 752 2093 consul
777 2061 924 2093 feliciter
941 2063 1102 2094 adversus
1121 2063 1286 2095 Sanmites
1305 2064 1475 2106 pugnavit.

63 2107 104 2138 ob
122 2117 192 2139 eam
209 2107 389 2139 victoriam
407 2107 529 2140 Romae
547 2118 624 2149 saga
650 2108 756 2149 posita
784 2112 870 2139 suut.
907 2113 940 2139 et
959 2113 993 2140 ut
1014 2109 1107 2140 varia
1128 2109 1205 2140 belli
1224 2108 1356 2141 fortuna
1375 2113 1475 2145 esset,

62 2151 225 2184 Aesernia
243 2153 371 2184 colonia
396 2163 466 2183 vum
486 2152 530 2184 M.
549 2152 711 2184 Marcello
738 2153 769 2184 in
795 2158 993 2195 potestatem
1013 2154 1208 2185 Samnitium
1228 2155 1338 2188 veuit:
1369 2155 1424 2185 sed
1444 2158 1476 2185 et

63 2197 98 2229 C.
114 2196 241 2228 Marius
260 2197 387 2238 proelio
403 2196 532 2228 Marsos
547 2197 642 2234 fudit,
659 2198 758 2229 llerio
775 2198 892 2230 Asinio
907 2203 1062 2241 praetore
1073 2199 1338 2231 Marrueiimrum
1354 2199 1475 2229 occiso.

63 2243 100 2275 G.
119 2242 287 2274 Caecilius
306 2241 338 2272 iu
357 2241 468 2273 Gallia
487 2243 692 2285 transalpina
711 2243 880 2275 Salluvios
899 2244 1101 2276 rebellantes
1121 2245 1214 2276 vicit.

601 2322 659 2353 w<
681 2323 941 2356 Lm.1.xxllll.

155 2376 214 2408 Cn.
238 2375 410 2417 Pompeius
437 2374 587 2407 Picentes
612 2378 739 2417 proelio
765 2376 850 2408 fudit
868 2391 880 2407 t
906 2378 1048 2410 obsedit.
1096 2382 1230 2419 propter
1254 2388 1347 2419 quam
1373 2377 1479 2408 vieto-

65 2421 149 2453 riam
167 2420 289 2452 Romae
308 2425 501 2462 praetextae
519 2425 551 2452 et
568 2421 634 2452 alia
654 2423 906 2462 magistratuum
925 2423 1068 2463 insignia
1087 2428 1214 2464 sumpla
1234 2427 1320 2453 sunt..
1353 2423 1387 2454 (l.
1408 2422 1477 2454 Ma-

65 2467 137 2499 rius
161 2477 231 2498 eum
256 2465 378 2497 Marsis
402 2465 501 2496 (lubio
526 2471 645 2497 ‹we-,utu
671 2467 839 2508 pugnavit.
889 2469 1038 2499 libertini
1065 2473 1140 2498 tum·
1166 2468 1304 2509 primum
1330 2468 1477 2499 militare

65 2515 257 2554 coeperunt.
291 2510 328 2541 Α.
350 2511 476 2542 l'lotius
502 2511 629 2550 legatus
649 2512 806 2552 vmbros,
832 2513 866 2544 1,.
889 2513 1026 2543 Porcius
1052 2518 1186 2554 praetor
1205 2512 1380 2550 Etruscos,
1405 2524 1476 2544 eum

63 2561 204 2599 uterque
221 2556 360 2598 populus
377 2555 567 2591 desevisset.
585 2557 711 2597 proelio
727 2558 889 2589 vicerunt.
919 2558 1112 2589 Nicomedes
1132 2558 1162 2588 in
1180 2557 1363 2600 Bithyniae,
1380 2558 1479 2589 Ario-

65 2601 228 2634 barzanes
253 2602 284 2632 iu
303 2601 530 2643 Cappadociae
556 2611 689 2641 reguum
715 2603 843 2634 reducti
864 2608 951 2634 sunt.
986 2604 1042 2633 (In.
1064 2602 1235 2644 Pompeius
1254 2604 1367 2634 consul
1389 2603 1478 2635 Mar—

65 2657 121 2679 sos
139 2647 211 2679 acic
230 2647 325 2678 vieit.
356 2657 427 2677 eum
446 2657 524 2678 nere
543 2646 650 2678 alieno
669 2658 824 2689 oppressa
839 2653 928 2679 esset
945 2648 1078 2685 vivims,
1097 2648 1134 2679 Α.
1150 2648 1364 2690 Sempronius
1383 2648 1479 2681 Asel-
