1712 2825
229 207 311 248 312
499 202 744 236 PERIOCHAE
769 201 990 235 LIBRORUM
1017 199 1356 233 CXXII—CXXVII.

206 305 210 307 “
225 308 350 349 busque
366 305 598 338 transmarinis
615 304 796 347 provinciis
813 303 1081 343 exercitibusque
1094 301 1126 332 in
1140 305 1338 343 potestatem
1352 300 1423 332 eius
1437 305 1470 332 et
1484 299 1520 333 C.
1535 299 1629 332 Cassi

226 352 390 391 redactis,
414 351 564 382 coierunt
582 349 744 392 Smyrnae
767 354 905 390 uterque
923 348 964 379 ad
982 347 1163 378 ordinanda
1179 346 1259 377 belli
1275 345 1380 378 futuri
1397 345 1545 377 consilia.
1581 343 1626 376 M.

227 396 393 428 Messalae
410 395 615 427 Publicolam
632 393 769 426 fratrem
787 393 932 425 vinc-tum
951 392 1110 423 communi
1128 391 1265 422 consilio
1284 391 1567 422 condonaverunt.

764 473 826 504 Ex
843 471 920 503 LIB.
939 470 1087 503 CXXIII.

317 528 393 559 Sex.
411 527 585 570 Pompeius
603 526 714 568 Magni
738 527 825 558 filius
849 526 1001 557 collectis
1025 536 1067 557 ex
1080 525 1181 567 Epiro
1199 524 1397 566 proscriptis
1422 533 1459 555 ae
1477 521 1627 564 fugitivis
1652 529 1658 532 ‘

227 584 300 605 eum
322 573 475 604 exercitu
498 573 553 603 diu
578 573 647 603 sine
669 572 737 603 ulla
764 572 827 603 loci
850 571 1042 613 cuiusquam
1067 571 1277 613 possessione
1300 569 1477 611 praedatus
1495 568 1528 599 in
1545 567 1628 600 mari

226 618 413 650 Messanam
436 617 587 659 oppidum
611 617 643 648 in
667 616 779 648 Sicilia
803 616 961 658 primum,
985 616 1060 647 dein
1083 620 1188 647 totam
1210 614 1416 657 provinciam
1434 613 1626 654 occupavit3

226 664 400 705 occisoque
425 662 577 704 Pompeio
607 662 782 704 Bithynico
816 666 971 703 praetore
997 660 1034 701 Q.
1060 660 1284 692 Salvidienum
1306 659 1451 699 legatum
1474 657 1628 689 Caesaris

225 708 337 740 navali
365 707 492 748 proelio
522 707 615 738 vicit.
650 707 772 738 Caesar
802 711 833 738 et
864 706 1028 737 Antonius
1058 716 1130 737 cuin
1159 705 1363 736 exercitibus
1392 703 1424 734 in
1455 702 1628 734 Graeciam

223 753 441 791 traiecerunt,
460 752 581 783 bellum
599 753 759 783 adversus
779 752 914 782 Brutum
933 756 965 782 et
983 750 1133 782 Cassium
1150 750 1288 791 gesturi.
1323 748 1359 790 Q.
1377 747 1576 780 Cornificius
1592 747 1626 778 in

226 796 341 830 Africa
359 796 397 828 T.
418 796 578 835 Sextium,
598 797 829 829 Cassianarum
849 797 988 838 partium
1001 796 1124 837 durem,
1143 795 1270 837 proelio
1291 794 1380 826 vicit.

761 876 823 907 Ex
837 875 914 907 LIB.
935 874 1098 913 cxxnn.

317 930 352 962 C.
372 930 495 962 Caesar
518 934 550 961 et
568 929 732 961 Antonius
756 930 838 971 apud
858 929 1026 971 Philippos
1052 928 1146 959 vario
1170 932 1294 959 eventu
1311 927 1472 958 adversus
1491 927 1628 958 Brutum

225 980 258 1007 et
277 975 427 1007 Cassium
445 979 687 1017 pugnaverunt,
704 974 751 1005 ita
770 979 805 1005 ut
822 974 941 1005 dextra
954 973 1125 1015 utriusque
1146 982 1269 1004 cornua
1284 972 1455 1003 vincerent
1470 976 1503 1003 et
1517 976 1627 1003 eastra

226 1030 354 1062 quoque
367 1021 531 1062 utrimque
545 1019 584 1050 ab
600 1019 654 1060 iis,
670 1019 723 1061 qui
739 1019 898 1058 vicerant,
915 1022 1196 1061 expugnarentur.
1232 1017 1288 1048 sed
1302 1017 1506 1058 inaequalem
1519 1015 1627 1048 fortu-

226 1075 298 1097 nam
320 1066 464 1107 partium
488 1075 577 1096 mors
602 1064 697 1095 Cassi
722 1063 815 1103 fecit,
834 1064 888 1105 qui
913 1074 985 1095 eum
1012 1064 1044 1095 in
1063 1073 1100 1094 co
1120 1073 1224 1094 eornu
1240 1061 1376 1101 fuisset,
1395 1061 1479 1103 quod
1496 1061 1626 1103 pulsum

226 1115 316 1149 erat,
339 1115 445 1142 totum
468 1109 653 1141 exercitum
676 1108 782 1140 fusum
808 1114 900 1140 ratus
925 1113 1065 1140 mortem
1094 1107 1266 1139 conscivit.
1301 1106 1408 1138 altera
1425 1106 1540 1138 deinde
1556 1107 1628 1138 acie

225 1156 334 1186 vietus
352 1154 396 1186 M.
415 1155 537 1186 Brutus
556 1159 587 1186 et
605 1155 674 1196 ipse
696 1154 799 1186 vitam
818 1154 900 1185 finiit
917 1159 1056 1185 exorato
1079 1153 1236 1184 Stratone
1254 1150 1350 1192 fugae
1365 1152 1494 1191 comite,
1511 1156 1548 1183 nt
1564 1151 1627 1183 sibi

224 1200 369 1241 gladium
392 1200 553 1240 adigeret.
594 1209 753 1231 annorum
779 1203 851 1230 erat
868 1213 883 1228 ια
901 1214 915 1228 ,κ
934 1199 1071 1230 circiter
1096 1197 1172 1237 XL,
1198 1198 1285 1228 inter
1308 1206 1389 1238 quos
1421 1197 1458 1239 Q.
1483 1196 1628 1228 Horten-

227 1245 297 1276 sius
323 1246 454 1277 oecisus
472 1250 532 1276 est.

773 1323 833 1355 Ex
852 1323 928 1355 LIB.
947 1322 1085 1355 CXXV.

318 1378 441 1409 Caesar
465 1378 584 1409 relicto
608 1382 700 1409 trans
720 1388 809 1408 mare
826 1377 971 1409 Antonio
989 1395 1031 1400 —-
1049 1376 1240 1418 provinciae
1257 1385 1294 1406 ea
1313 1380 1407 1417 parte
1425 1375 1554 1417 imperii
1570 1385 1628 1417 po-

227 1422 310 1453 sitae
328 1423 358 1454 ei
376 1428 546 1454 cesserant
564 1441 607 1445 —
625 1433 782 1453 reversus
801 1424 830 1453 in
850 1422 977 1453 Italiam
993 1421 1159 1453 veteranis
1177 1431 1275 1461 agros
1290 1420 1416 1451 divisit.
1445 1419 1625 1451 seditiones

226 1467 396 1499 exercitus
421 1468 489 1506 sui,
515 1478 595 1509 quas
619 1468 768 1508 corrupti
793 1478 810 1498 a
836 1467 955 1498 Fulvia
980 1466 1022 1497 M.
1044 1466 1166 1497 Antoni
1191 1475 1295 1496 uxore
1320 1465 1442 1496 milites
1466 1465 1626 1496 adversus

227 1512 457 1553 imperatorem
476 1523 568 1543 suum
588 1513 850 1549 concitaverant,
868 1522 939 1543 eum
958 1512 1052 1551 gravi
1067 1511 1212 1552 periculo
1228 1510 1377 1540 inhibuit.
1407 1509 1444 1540 L.
1463 1508 1627 1542 Antonius

228 1557 353 1595 consul,
374 1557 414 1588 M.
434 1557 557 1588 Antoni
582 1557 702 1598 frater,
726 1558 838 1588 eadem
859 1557 972 1588 Fulvia
992 1556 1187 1587 consiliante
1204 1555 1326 1586 bellum
1344 1554 1481 1586 Caesari
1499 1554 1627 1593 intulit3

228 1601 370 1641 receptis
390 1601 420 1631 in
440 1606 550 1642 partes
569 1613 645 1633 snas
665 1602 809 1644 populis,
834 1613 971 1643 quorum
997 1602 1069 1641 agri
1094 1600 1262 1632 veteranis
1285 1599 1448 1641 adsignati
1465 1603 1576 1641 erant,
1595 1603 1628 1631 et

229 1645 272 1677 M.
297 1644 437 1686 Lepido,
462 1648 513 1688 qui
537 1648 707 1679 custodiae
733 1647 824 1678 urbis
850 1658 920 1678 rum
945 1647 1095 1678 exercitu
1120 1650 1289 1687 praeerat,
1313 1644 1386 1676 suso
1410 1644 1579 1676 hostiliter
1596 1644 1628 1675 in

228 1690 341 1722 urbem
360 1689 491 1732 inrupit.

770 1772 831 1804 Ex
852 1771 924 1803 Llss.
945 1770 1097 1803 CXXVI.

321 1822 444 1854 Caesar
467 1832 538 1852 eum
557 1830 643 1856 esset
663 1836 820 1857 annorum
839 1825 960 1859 xxm,
978 1826 1148 1856 obsessum
1167 1825 1199 1855 in
1218 1824 1335 1866 oppido
1354 1823 1490 1855 Perusia
1507 1822 1545 1854 L.
1559 1822 1628 1854 An-

229 1868 352 1899 tonium
378 1871 592 1908 conatumque
617 1870 812 1912 aliquotiens
831 1881 1003 1911 erumpere
1022 1875 1054 1901 et
1073 1870 1241 1911 repulsum
1260 1868 1343 1900 lame
1361 1868 1470 1909 coegit
1487 1868 1518 1899 in
1536 1868 1627 1899 dedi-

228 1913 350 1943 tionem
370 1912 500 1944 venire.
526 1911 652 1953 ipsique.
671 1919 701 1944 ct
719 1916 868 1946 ‹unnibus
888 1915 1048 1946 militibus
1066 1915 1136 1946 eius
1155 1914 1299 1955 ignovit,
1327 1913 1496 1945 Perusiam
1514 1912 1627 1954 diruit,

231 1957 438 1998 redactisque
458 1957 487 1986 in
508 1961 704 1997 potestatem
722 1971 812 1991 suam
832 1960 979 1991 oninibus
997 1960 1150 1991 diversae
1169 1959 1273 2001 partis
1291 1958 1492 1990 exercitibus
1508 1958 1628 1989 bellum

230 2001 313 2033 eitra
333 2001 433 2031 ulium
450 2001 640 2039 sangui-wia
660 2002 809 2034 conserit.

765 2080 1097 2114 1⁴:x1.11;.(2xxx'!1.

323 2132 435 2164 Parthi
455 2132 609 2168 Labieno,
629 2133 679 2174 qui
701 2132 968 2174 i'ompriannrum
987 2136 1126 2176 partium
1146 2134 1264 2171 i'uerat,
1282 2135 1362 2165 duee
1381 2135 1411 2166 in
1430 2135 1561 2178 Syriam
1580 2135 1630 2166 in-

233 2183 393 2220 ruperunt
417 2178 570 2219 victoque
591 2177 722 2208 Decidio
741 2178 845 2213 Saxa,
867 2178 905 2208 Μ.
929 2180 1045 2210 Anauni
1067 2181 1191 2220 legales,
1217 2185 1318 2211 totam
1337 2190 1406 2211 eam
1424 2180 1627 2221 provinc-ium

230 2227 485 2265 occupaverunt.
531 2222 572 2254 M.
600 2223 762 2253 Antonius
787 2234 857 2253 rum
883 2223 920 2253 ad
942 2224 1059 2255 bellum
1078 2227 1239 2256 adversus
1259 2226 1433 2256 Caesarem
1451 2225 1628 2265 gerendum

230 2285 242 2297 ο
264 2284 275 2297 0
297 2278 399 2298 inore
426 2267 558 2308 Fulvia,
584 2278 621 2297 ne
647 2268 844 2298 vonrordim·
864 2269 983 2298 dueum
1004 2270 1166 2309 obstaret,
1193 2280 1269 2312 pave
1293 2269 1377 2301 saeta
1396 2280 1466 2300 eum
1485 2269 1628 2302 Caesare

229 2323 379 2343 sororem
397 2312 467 2343 eins
486 2312 656 2343 Octaviam
676 2313 705 2342 ia
726 2313 966 2344 matrimonium
985 2314 1090 2344 duxit.
1121 2316 1157 2355 Q.
1175 2315 1397 2346 Salvidienum
1416 2314 1552 2346 consilia
1571 2324 1628 2346 ne-

229 2357 314 2388 faria
343 2358 504 2388 adversus
529 2359 704 2388 Caesarem
730 2358 875 2388 molitum
907 2358 1024 2389 imin-io
1050 2370 1108 2389 suo
1135 2359 1314 2400 protraxit,
1341 2359 1431 2401 isque
1455 2359 1627 2391 (inamatus

233 2407 368 2433 mortem
384 2403 511 2432 consa-ix
523 2403 556 2433 it.
585 2401 616 2432 Ι).
633 2402 816 2441 Ventidius,
828 2403 946 2433 Antoni
963 2403 1250 2442 legatusd'arthos
1266 2404 1390 2445 proelio
1407 2404 1514 2436 victos
1528 2403 1627 2447 Syria

229 2447 372 2488 expulit,
400 2447 542 2478 hahis-no
561 2458 672 2478 rorum
691 2448 770 2477 ‹Im-‹-
790 2448 911 2478 ova-iso.
947 2459 1017 2479 rum
1039 2449 1163 2479 vicinus
1183 2448 1295 2479 Italiae
1313 2449 1418 2479 hostis
1437 2448 1513 2481 Sex.
1533 2447 1628 2479 Pom-

231 2492 321 2532 peius
342 2492 487 2522 Siciliam
513 2497 642 2523 teneret
668 2497 699 2524 vt
724 2493 950 2523 eonium-rviam
975 2504 1122 2523 amionao
1148 2494 1325 2534 inpediret,
1345 2494 1406 2533 [eo]
1425 2493 1622 2534 postulatam

230 2546 300 2566 eum
319 2547 358 2566 eo
379 2547 486 2578 parem
506 2538 629 2567 (im-sm·
647 2542 679 2568 rt.
700 2536 859 2567 Antonius
880 2537 1025 2568 sert-runt
1039 2562 1045 2571 ,
1066 2538 1108 2568 ita
1129 2543 1158 2568 nt
1181 2538 1326 2568 Siciliam
1346 2537 1546 2579 provinciam
1564 2537 1622 2568 ha-

228 2581 332 2612 beret.
369 2587 541 2622 praeterea
568 2587 674 2612 motus
695 2581 828 2613 Asi-ivm·
854 2587 882 2613 et
906 2583 988 2613 lwnn
1009 2583 1050 2613 ibi
1069 2587 1161 2622 gesta
1180 2583 1336 2614 eontinet.
