1712 2825
555 167 684 201 LIBER
707 167 858 200 XXXX.
905 167 1000 200 CAP.
1027 168 1057 201 1.

98 187 129 206 a.
152 179 206 206 Ch.
219 179 281 206 183.
302 180 364 206 182.
1429 170 1506 209 111

102 272 274 312 Valerius
305 270 522 311 decessisse
549 274 610 310 est
639 274 774 310 auctor
799 269 934 321 legatis
963 269 1011 308 ad
1038 281 1121 309 eam
1149 283 1231 309 rem
1257 271 1304 311 ad
1330 270 1508 310 Prusiam

101 328 234 368 missis
261 331 412 380 praeter
431 327 474 366 T.
497 326 723 375 Quinctium
744 325 1024 373 Flamininum,
1047 326 1156 366 cuius
1176 327 1217 366 in
1238 341 1280 367 ea
1301 340 1343 367 re
1364 327 1510 367 celebre

101 391 161 425 est
179 396 336 432 nomen,
355 384 398 423 L.
421 384 604 436 Scipione
622 383 789 423 Asiatico
811 388 848 422 et
867 383 909 422 P.
932 382 1116 435 Scipione
1135 382 1284 423 Nasica.

581 667 776 720 ΤΙΤΙ
831 666 1032 719 LIVI

451 770 532 810 ΑΒ
583 771 770 811 URBE
819 769 1149 810 CONDITA

650 861 948 894 LIBERXXXX.

208 1040 403 1092 Principio
419 1040 660 1092 insequentis
677 1041 767 1080 anni
785 1040 966 1080 consules
983 1044 1262 1092 praetoresque
1275 1038 1401 1078 sortiti
1412 1051 1507 1090 pro-

94 1097 237 1137 vincias
258 1101 361 1136 sunt.
403 1097 628 1136 consulibus
648 1098 751 1136 nulla
772 1103 924 1148 praeter
939 1097 1098 1147 Ligures
1121 1107 1219 1147 quae
1237 1095 1509 1134 decerneretur

95 1157 189 1192 erat.
220 1153 435 1192 iurisdictio
452 1153 602 1191 urbana
620 1153 672 1192 M.
691 1153 857 1204 Ogulnio
875 1153 994 1199 Gallo,
1012 1153 1112 1191 inter
1127 1152 1356 1203 peregrinos
1371 1152 1419 1190 M.
1433 1153 1506 1191 Va—

93 1209 188 1249 lerio
219 1209 362 1257 evenit,
391 1208 666 1261 Hispaniarum
694 1210 739 1257 Q.
768 1209 901 1249 Fulvio
930 1209 1065 1248 Flacco
1093 1208 1266 1255 citerior,
1295 1208 1337 1248 P.
1365 1208 1505 1247 Manlio

94 1266 276 1313 ulterior,
305 1266 347 1305 L.
376 1264 538 1305 Caecilio
566 1266 698 1305 Dentri
727 1266 867 1311 Sicilia,
896 1266 935 1305 C.
966 1265 1150 1304 Terentio
1172 1265 1292 1304 Istrae
1314 1264 1505 1304 Sardinia.

93 1322 254 1362 dilectus
275 1321 416 1361 habere
437 1322 617 1361 consules
638 1322 746 1361 iussi.
787 1323 832 1370 Q.
852 1322 991 1361 Fabius
1013 1335 1058 1360 ex
1075 1321 1282 1371 Liguribus
1298 1321 1508 1372 scripserat

92 1380 277 1431 Apuanos
299 1378 345 1417 ad
361 1377 611 1417 rebellionem
633 1383 808 1430 spectare
828 1378 1120 1430 periculumque
1137 1389 1235 1424 esse,
1253 1389 1302 1416 ne
1318 1377 1505 1429 impetum

92 1435 132 1475 in
161 1447 295 1486 agrum
317 1434 501 1474 Pisanum
523 1434 706 1475 facerent.
746 1441 784 1475 et
804 1448 849 1474 ex
870 1435 1064 1486 Hispaniis
1086 1433 1302 1474 citeriorem
1325 1432 1364 1472 in
1387 1433 1505 1473 armis

93 1504 178 1531 esse
199 1495 238 1532 et
257 1503 345 1531 cum
362 1491 559 1530 Celtiberis
581 1491 709 1531 bellari
730 1492 915 1542 sciebant,
938 1492 978 1530 in
994 1491 1189 1537 ulteriore,
1207 1491 1294 1542 quia
1312 1490 1376 1529 diu
1394 1503 1507 1542 aeger

92 1553 197 1589 esset
216 1552 382 1600 praetor,
402 1547 550 1588 luxuria
572 1553 610 1588 et
631 1549 709 1587 otio
732 1549 899 1588 solutam
921 1548 1162 1600 disciplinam
1186 1547 1391 1586 militarem
1408 1559 1505 1586 esse.

94 1605 144 1644 ob
166 1617 209 1644 ea
224 1616 348 1644 novos
365 1604 552 1644 exercitus
570 1605 762 1644 conscribi
779 1605 930 1657 placuit,
948 1610 1130 1657 quattuor
1145 1604 1316 1656 legiones
1334 1603 1373 1642 in
1389 1603 1504 1655 Ligu-

93 1674 180 1709 res,
206 1661 260 1700 uti
282 1660 452 1712 singulae
473 1661 588 1713 quina
610 1661 714 1701 milia
736 1666 774 1701 et
795 1662 968 1701 ducenos
991 1661 1157 1712 pedites,
1185 1667 1364 1700 trecenos
1386 1660 1506 1699 habe-

92 1721 180 1756 rent
194 1716 361 1768 equites3
377 1717 574 1756 sociorum
595 1717 732 1756 iisdem
749 1718 872 1757 Latini
890 1718 1061 1757 nominis
1080 1716 1297 1768 quindecim
1316 1716 1419 1755 milia
1436 1729 1505 1768 pe-

94 1773 217 1813 ditum
245 1772 371 1812 addita
398 1778 435 1812 et
461 1773 670 1825 octingenti
696 1774 862 1825 equites:
892 1774 931 1813 hi
958 1774 1034 1813 duo
1064 1775 1287 1813 consulares
1315 1773 1504 1813 exercitus

89 1883 123 1916 la
155 1894 242 1917 not-a
276 1886 461 1917 maritima.
500 1903 544 1908 —
583 1885 759 1928 Hannibal,

90 1929 287 1962 schwerlich
305 1929 374 1961 will
392 1929 429 1961 L.
448 1929 520 1961 hier
543 1941 604 1962 nur
628 1931 760 1963 berich-

90 1979 155 2017 ten,
171 1975 248 2007 dass
263 1974 418 2008 Valerius
436 1985 556 2007 ausser
573 1975 758 2018 Quinctius,

91 2029 118 2052 s.
136 2031 164 2051 c.
184 2020 237 2060 51,
258 2019 287 2060 1,
312 2021 392 2052 noch
410 2020 496 2052 zwei
514 2019 684 2053 Gesandte
703 2033 757 2054 er-

88 2065 217 2107 wiibne,
236 2065 378 2098 sondern
396 2076 434 2097 er
447 2066 560 2098 nimmt
573 2066 673 2098 daran
688 2067 756 2099 An-

89 2114 190 2154 stoss,
207 2111 284 2142 dass
301 2111 455 2143 derselbe
472 2111 533 2143 den
552 2111 624 2143 Tod
638 2111 705 2144 H.'s
725 2113 756 2145 iu

88 2155 198 2187 dieses
217 2155 297 2188 Jahr
314 2160 478 2196 versetzt,
503 2156 650 2197 obgleich
674 2158 755 2189 auch

89 2210 127 2232 er
143 2211 171 2232 c.
199 2200 252 2242 51,
277 2200 317 2233 12
341 2201 422 2233 eben
447 2201 601 2234 dasselbc
623 2203 674 2234 als
698 2203 756 2235 das

91 2244 282 2287 'rodesjahr
305 2245 374 2277 {ils
404 2246 594 2288 angegeben
626 2248 691 2280 hat.
712 2266 757 2272 —

87 2290 226 2332 celebre,
248 2291 313 2323 viel
336 2296 492 2332 genannt.
510 2311 553 2314 —
570 2291 608 2325 L.
633 2291 756 2337 Scipio,

87 2336 188 2369 sehon
207 2347 233 2367 c.
253 2335 295 2368 22
314 2336 358 2368 ist
374 2336 485 2368 dieser
502 2338 582 2368 nach
602 2337 756 2370 Valerius

38 2399 44 2404 ·
89 2380 280 2414 Gesandter
298 2381 329 2412 in
348 2381 451 2413 Asien
469 2392 636 2422 gcwesen.
653 2401 697 2406 —
716 2383 754 2415 Ρ.

87 2425 142 2459 Sc.
169 2425 312 2468 Nasica,
341 2438 369 2458 c.
395 2427 454 2466 55,
484 2426 516 2458 6.
552 2427 616 2459 nas
641 2427 755 2460 Ganze

88 2472 219 2504 scheint
243 2482 304 2503 nur
327 2472 401 2503 eine
426 2472 673 2513 nachtriigliclie
692 2474 754 2505 Be-

87 2516 250 2558 mcrkung
266 2527 325 2549 aus
343 2516 498 2548 Valerius
515 2528 556 2548 zu
573 2518 644 2550 dem
659 2529 686 2550 c.
702 2519 756 2560 55,

88 2562 108 2594 6
128 2562 327 2594 Erwiihnten
347 2573 388 2594 zu
406 2563 489 2594 sein.

134 2602 205 2641 40.
241 2601 343 2651 1—-2,
368 2609 398 2640 5.
437 2606 657 2651 Vertheiluug
695 2610 755 2641 dcr

832 1886 1018 1918 Provinzen
1051 1885 1118 1917 und
1152 1885 1279 1924 Heere3
1315 1884 1503 1926 Prodigien.

830 1931 890 1964 lul.
910 1931 1031 1974 Obseq.
1051 1932 1082 1963 5.

879 1999 966 2031 1-4.
994 1999 1087 2031 nulla
1115 2003 1190 2041 etc„
1215 1998 1278 2030 wie
1303 1998 1358 2039 39,
1384 1997 1438 2038 38,
1465 1998 1500 2038 13

829 2044 871 2077 ib.
895 2044 949 2085 32,
978 2045 1005 2076 1.
1031 2062 1075 2068 —
1097 2044 1300 2088 Hispaniam,
1324 2044 1408 2075 ohne
1433 2053 1502 2075 we-

832 2090 1016 2122 scntlichen
1036 2088 1255 2122 Unterschied
1279 2088 1300 2131 ξ
1326 2089 1361 2120 4;
1387 2100 1431 2121 eoe
1447 2088 1502 2121 lla·-

827 2138 976 2179 spaniis,
1007 2146 1068 2166 zur
1091 2135 1196 2166 Sache
1223 2134 1282 2174 39,
1314 2134 1375 2175 45,
1399 2134 1431 2165 4.
1457 2152 1501 2157 —

828 2182 974 2225 Apuan„
992 2180 1045 2221 39,
1071 2180 1125 2220 20,
1149 2181 1179 2212 5.
1214 2180 1345 2220 Pisum,
1371 2180 1432 2211 wie
1451 2179 1502 2220 39,

830 2228 861 2267 2,
880 2227 910 2258 5.
929 2245 974 2249 -
991 2229 1024 2258 et
1045 2236 1122 2257 cum
1137 2225 1230 2266 Cale„
1255 2225 1448 2265 erkliircnd,
1471 2235 1498 2256 s.

829 2273 883 2314 39,
899 2272 952 2312 50,
975 2271 1008 2310 13
1025 2274 1176 2314 praetor.
1194 2271 1238 2303 ib.
1257 2270 1311 2310 56,
1331 2270 1360 2302 2.

874 2338 961 2369 528.
993 2339 1112 2379 quati„
1138 2336 1168 2367 in
1194 2335 1365 2376 Ligurien,
1392 2345 1418 2365 s.
1444 2333 1497 2373 39,

829 2383 882 2422 45,
902 2382 932 2423 3,
957 2382 1072 2420 haben,
1096 2382 1135 2413 da
1153 2381 1312 2413 Claudius
1339 2379 1418 2410 nneli
1443 2377 1496 2416 3³),

829 2429 882 2469 511,
897 2427 916 2458 2
937 2428 1016 2459 nach
1037 2427 1167 2459 Gullien
1186 2435 1334 2467 gczogcn
1360 2424 1412 2464 ist,
1437 2433 1498 2454 nur

829 2474 912 2505 zwei
931 2473 1097 2513 Legionen
1116 2471 1310 2512 gastandan.
1330 2486 1372 2490 —
1396 2469 1497 2509 quina

828 2529 872 2550 7η.
891 2530 918 2549 e.
937 2518 1021 2559 due,
1040 2528 1066 2549 s.
1085 2528 1113 2548 c.
1136 2516 1185 2553 18,
1204 2516 1241 2553 53
1259 2515 1311 2554 37,
1330 2512 1383 2551 39,
1403 2514 1433 2544 S.
1452 2531 1497 2536 —

828 2564 957 2604 iekdem,
981 2564 1042 2595 (len
1063 2563 1144 2593 eben
1168 2564 1355 2600 geuunntru
1375 2558 1495 2599 Legio-

823 2620 896 2641 neu.
919 2627 960 2632 ——-
977 2608 1089 2652 quind.
1108 2605 1188 2645 mih,
1215 2615 1242 2636 s.
1268 2616 1294 2636 c.
1322 2603 1376 2643 36,
1401 2603 1431 2635 (i.
1452 2622 1494 2627 -—

1539 1039 1560 1077 1

1537 1216 1555 1247 2

1535 1329 1554 1361 3

1535 1443 1555 1474 4

1534 1615 1553 1646 5
