1712 2825
229 191 311 232 304
419 188 663 223 PERIOCHAE
689 188 912 222 LIBRORUM
937 187 1447 222 LXXXVIIH—LXXXXIIII.

230 292 300 334 ipse
319 302 354 324 se
373 291 507 324 occidit.
542 290 698 331 Mutilus,
716 302 800 323 unus
819 301 861 323 ex
878 291 1096 334 proscriptis,
1115 291 1201 322 elam
1218 291 1326 334 capite
1343 291 1503 334 adoperto
1522 291 1562 323 ad
1581 301 1642 334 po-

231 338 332 369 sticas
351 337 448 368 aedes
466 336 599 368 Bastiae
616 337 735 368 uxoris
754 347 825 368 eum
843 336 1062 375 accessisset,
1087 336 1252 368 admissus
1276 347 1340 367 non
1357 341 1427 374 est,
1451 336 1528 378 quia
1546 336 1641 368 illum

231 383 454 425 proscriptum
472 382 617 415 diceret:
642 381 752 423 itaque
770 382 839 424 ipse
857 392 892 413 sc
910 380 1092 413 transfodit
1109 386 1141 413 et
1159 381 1318 422 sanguine
1336 392 1394 413 suo
1413 379 1504 413 fores
1521 381 1640 413 uxoris

231 428 405 470 respersit.
438 426 533 470 Sylla
555 427 753 459 Aeserniam
779 428 812 458 in
836 426 968 458 Samnio
993 426 1131 468 recepit.
1169 425 1293 458 XLVII
1315 427 1465 467 legiones
1488 427 1523 458 in
1539 436 1639 467 agros

231 477 345 515 captos
362 473 519 514 deduxit,
538 478 572 505 et
589 483 645 504 eos
662 472 714 504 his
732 472 862 504 divisit.
896 471 1114 511 Volaterras,
1138 472 1222 513 quod
1241 472 1392 514 oppidum
1410 472 1515 503 adhue
1532 472 1565 503 in
1584 481 1641 503 ar-

230 518 293 549 mis
312 523 396 557 erat,
415 518 597 554 obsessum,
617 518 650 549 in
664 518 864 549 deditionem
883 517 1023 559 accepit.
1058 516 1240 558 Mitylenae
1256 527 1382 559 quoque
1400 517 1434 548 in
1447 516 1539 558 Asia,
1558 526 1640 559 quae

231 563 302 596 sola
325 564 403 595 urbs
427 568 502 606 post
524 564 649 595 victum
673 562 901 594 Mithridatem
925 571 1017 593 arma
1040 561 1226 602 retinebat,
1258 566 1466 604 expugnatae
1489 562 1641 594 dirutae-

232 619 293 652 que
311 613 397 641 sunt.

754 688 817 719 EX
834 687 912 719 LlB.
931 687 1111 719 Lxxxx.

320 742 415 785 Sylla
440 742 600 781 decessit,
625 743 792 784 honosque
818 741 847 772 ei
865 752 881 772 a
901 746 1019 773 senatu
1035 741 1167 773 habitus
1185 746 1254 781 est,
1280 745 1316 773 ut
1333 742 1365 772 in
1383 740 1640 784 camp0¹Martio

233 788 446 829 sepeliretur.
482 788 525 820 M.
547 787 689 828 Lepidus
709 798 779 818 cum
798 792 871 818 acta
887 787 1002 830 Syllae
1020 791 1200 828 temptaret
1218 787 1423 827 rescindere,
1440 786 1563 818 bellum
1582 796 1642 818 ex-

233 832 361 864 citavit.
401 843 420 864 a
444 832 480 874 Q.
506 833 624 864 Catulo
657 833 785 873 collega
808 831 903 863 ltalia
933 832 1048 874 pulsus
1080 836 1112 863 et
1134 832 1167 863 in
1190 831 1343 863 Sardinia
1367 831 1496 864 frustra
1517 831 1641 863 bellum

233 877 369 909 molitus
393 878 502 919 periit.
538 877 582 909 Μ.
603 877 743 917 Brutus,
769 877 822 920 qui
847 877 1038 919 cisalpinam
1057 875 1200 908 Galliam
1219 876 1405 917 obtinebat,
1429 887 1448 909 a
1466 876 1525 908 Cn.
1543 876 1641 908 Pom-

233 922 303 964 peio
335 923 466 954 occisus
499 927 560 953 est.
603 922 640 963 Q.
666 922 838 954 Sertorius
869 922 1074 964 proscriptus
1099 922 1130 953 in
1154 922 1317 953 ulteriore
1344 922 1500 964 Hispania
1524 922 1641 963 ingens

231 967 354 999 bellum
372 967 539 999 excitavit.
574 967 611 998 L.
630 966 774 999 Manlius
790 967 969 1009 proconsul
986 971 1018 998 et
1037 966 1072 997 L.
1092 967 1253 998 Domitius
1271 967 1401 1007 legatus
1420 968 1460 999 ab
1475 967 1640 999 Hirtuleio

233 1017 410 1054 quaestore
432 1012 560 1055 proelio
584 1013 665 1044 victi
689 1017 774 1044 sunt.
809 1017 984 1055 praeterea
1010 1022 1063 1043 res
1087 1022 1105 1043 a
1130 1012 1165 1043 P.
1192 1012 1337 1044 Servilio
1361 1012 1559 1055 proconsule
1582 1013 1640 1044 ad-

232 1067 350 1089 versus
370 1058 491 1090 Cilicas
509 1062 622 1099 gestas
641 1059 799 1089 continet.

747 1137 809 1169 EX
832 1137 909 1169 LlB.
929 1137 1123 1169 Lxxxxl.

324 1191 381 1224 Cn.
400 1192 573 1235 Pompeius
598 1203 671 1224 cum
694 1193 798 1223 adhuc
823 1202 920 1234 eques
939 1191 1104 1223 Romanus
1124 1196 1231 1231 esset,
1251 1202 1323 1223 culn
1342 1190 1478 1233 imperio
1497 1202 1640 1234 procon-

235 1237 339 1269 sulari
363 1237 525 1270 adversus
544 1237 730 1269 Sertorium
748 1237 869 1269 missus
888 1242 950 1269 est.
986 1236 1157 1268 Sertorius
1176 1237 1302 1278 aliquot
1319 1237 1419 1269 urbes
1437 1236 1641 1279 expugnavit

232 1283 457 1324 plurimasque
480 1283 636 1315 civitates
661 1283 691 1314 in
717 1288 916 1325 potestatem
940 1292 1031 1314 suam
1056 1282 1193 1323 redegit.
1232 1282 1357 1324 Appius
1382 1281 1538 1313 Claudius
1562 1292 1639 1324 pro-

235 1328 351 1359 consul
375 1328 522 1360 Thracas
546 1328 696 1370 pluribus
723 1328 857 1370 proeliis
883 1328 975 1359 vicit.
1016 1327 1054 1369 Q.
1081 1327 1237 1359 Metellus
1263 1327 1441 1370 proconsul
1465 1326 1503 1359 L.
1522 1327 1638 1360 Hirtu-

233 1372 332 1404 leium
350 1379 560 1415 quaestorem
579 1373 724 1405 Sertorii
743 1384 814 1405 cum
831 1373 984 1404 exercitu
1002 1373 1131 1404 cecidit.

741 1453 801 1484 Ex
822 1452 895 1484 Llss.
916 1451 1123 1484 Lxxxxll.

325 1506 371 1537 Cn
389 1506 562 1549 Pompeius
585 1507 682 1539 dubio
707 1511 826 1538 eventu
851 1516 923 1537 cum
943 1506 1093 1537 Sertorio
1120 1506 1293 1547 pugiruavit,
1319 1506 1364 1537 ita
1389 1511 1424 1538 ut
1448 1505 1578 1546 singula
1595 1515 1638 1537 ex

234 1556 374 1593 utraque
398 1557 492 1593 parte
516 1563 639 1584 cornua
664 1552 820 1583 vicerint.
855 1552 891 1592 Q.
914 1550 1069 1582 Metellus
1089 1551 1273 1582 Sertorium
1299 1556 1331 1582 et
1350 1551 1548 1593 Perpernam
1567 1561 1640 1583 eum

234 1597 360 1628 duobus
379 1597 582 1629 exercitibus
600 1598 729 1639 proelio
748 1597 848 1635 l'uditg
868 1597 959 1627 cuius
975 1596 1138 1628 victoriae
1152 1601 1278 1638 partem
1294 1596 1427 1639 cupiens
1442 1595 1531 1628 ferre
1545 1595 1640 1628 Pom-

234 1642 325 1684 peius
350 1652 463 1684 parum
489 1653 645 1685 prospere
668 1643 838 1685 pugnavit.
874 1642 1029 1673 obsessus
1055 1642 1171 1673 deinde
1196 1640 1332 1673 Cluniae
1355 1641 1524 1673 Sertorius
1550 1640 1639 1673 adsi-

234 1687 307 1718 duis
325 1688 553 1729 eruptionibus
574 1700 636 1719 nou
655 1688 783 1719 leviora
803 1688 918 1718 damna
938 1687 1164 1718 obsidentibus
1183 1687 1306 1718 intulit.
1335 1691 1508 1729 praeterea
1528 1697 1581 1718 res
1599 1685 1639 1718 ab

236 1732 379 1764 Curione
410 1734 607 1774 proconsule
632 1734 662 1764 iu
689 1732 832 1764 Thracia
857 1737 967 1772 gestas
999 1732 1162 1764 adversus
1193 1732 1364 1763 Dardanos
1389 1737 1421 1764 et
1444 1732 1482 1774 Q.
1509 1730 1640 1763 Sertori

236 1778 336 1809 multa
368 1778 517 1809 crudelia
543 1779 572 1809 in
596 1789 674 1810 suos
699 1777 785 1809 sacta
810 1777 975 1816 continet,
1007 1777 1061 1818 qui
1086 1777 1242 1820 plurimos
1267 1787 1309 1809 ex
1333 1776 1446 1809 amicis
1471 1781 1504 1808 et
1529 1785 1640 1808 secum

236 1823 434 1865 proscriptis
454 1823 591 1855 crimine
609 1823 806 1866 proditionis
825 1823 1034 1854 insimulatos
1054 1823 1184 1854 occidit.

327 1957 359 1988 Ι).
378 1958 542 1989 Servilius
567 1958 742 1999 proconsul
763 1958 792 1989 in
812 1958 926 1988 (Iiliria
946 1956 1078 1988 lsauros
1097 1957 1221 1988 domuit
1239 1961 1272 1987 ct
1289 1956 1416 1998 aliquot
1433 1955 1530 1987 urbes
1549 1954 1639 1996 pira-

236 2005 342 2032 tarum
368 2003 581 2043 expugnavit.
618 2002 814 2034 Nicomedes
840 2003 1012 2045 Bithyniae.
1038 2012 1094 2033 rex
1123 2002 1263 2032 moriens
1290 2001 1440 2042 populum
1459 2000 1638 2031 Romanuin

236 2046 314 2077 ferit
331 2047 496 2079 heredem,
515 2057 714 2089 regnumque
733 2048 804 2078 eius
824 2048 852 2078 in
874 2047 1064 2088 provinciae
1080 2046 1215 2077 formam
1232 2046 1398 2076 redactum
1414 2049 1475 2076 cst.
1506 2042 1639 2076 Mithri-

235 2091 328 2122 dates
353 2091 485 2123 foedere
509 2103 579 2122 eum
599 2092 749 2123 Sertorio
775 2093 838 2123 ieto
865 2093 984 2122 belluni
1006 2091 1122 2132 populo
1142 2090 1285 2121 Romano
1305 2090 1426 2121 intulit.
1460 2093 1638 2131 apparatus

235 2136 307 2167 dein
341 2137 505 2175 regiarum
536 2137 702 2178 eopiaruui
735 2137 934 2177 pedestrium
973 2136 1201 2177 nataliumque
1232 2140 1263 2166 et
1294 2139 1453 2176 oeeupata
1485 2133 1638 2177 Bithynia

237 2180 279 2212 Μ.
307 2181 464 2213 Aurelius
490 2182 585 2212 Cotta
605 2181 718 2212 consul
745 2182 782 2212 ud
804 2182 1007 2212 Calchedona
1035 2181 1160 2223 proelio
1184 2192 1201 2212 a
1228 2191 1304 2220 rege
1323 2181 1451 2217 virtus,
1477 2188 1596 2222 resque
1619 2188 1638 2211 a

237 2226 388 2268 l'ompeio
407 2232 439 2258 et
456 2226 592 2257 Metello
611 2226 772 2257 adversus
787 2226 970 2257 Sertorium
987 2229 1109 2267 ges-lm*
1127 2227 1341 2267 1·‹·s'e1·1111!m·,
1359 2225 1476 2267 quibus
1489 2223 1638 2257 omnibus

236 2271 313 2302 belli
334 2272 536 2313 militiaeque
555 2271 682 2302 artibus
703 2283 759 2313 par
777 2271 848 2303 fuit.
868 2282 948 2313 quos
967 2277 997 2302 et
1017 2272 1056 2302 ali
1076 2271 1245 2302 obsidione
1264 2270 1437 2310 Calaguris
1454 2269 1564 2312 oppidi
1581 2269 1638 2301 de-

236 2317 347 2358 pulsos
373 2317 518 2356 coegerit
538 2317 688 2347 diversas
709 2317 861 2355 regiones
882 2322 1010 2358 petere,
1037 2316 1205 2347 Metellum
1225 2315 1418 2348 ulteriorem
1437 2314 1637 2357 Hispaniam,

236 2360 420 2404 l'onipeium
441 2362 591 2394 Galliam.

731 2441 789 2472 Ex
812 2441 887 2472 Lm.
907 2441 1141 2473 Lxxxxttlt.

326 2495 359 2526 l..
382 2495 526 2526 Licinius
549 2495 704 2526 Lucullus
729 2496 841 2525 consul
861 2497 1022 2526 adversus
1042 2495 1254 2527 Mithridaten
1273 2493 1482 2545 equestribus
1499 2491 1636 2534 proeliis

236 2539 378 2572 feliciter
414 2541 566 2583 pugnavit
605 2545 634 2571 et
671 2539 793 2582 aliquot
831 2541 1056 2581 expeditiones
1088 2549 1264 2581 prosperas
1294 2538 1370 2569 lecit
1400 2541 1636 2579 poscentesque

236 2595 373 2626 pugnam
398 2586 518 2616 milites
545 2596 560 2616 a
581 2585 742 2616 seditione
761 2585 910 2616 inhibuit.
948 2586 1141 2623 Deiotarus,
1166 2582 1418 2623 Gallograeciae
1436 2581 1635 2621 tetrarches,
