1712 2825
183 219 265 258 278
661 212 700 245 Τ.
718 212 803 245 LIVI
827 211 1104 245 FRAGMENTA

182 320 325 359 milites
352 330 461 364 suos,
495 328 742 368 quocumque
771 329 792 355 a
813 316 947 355 castris
975 327 1044 366 per
1069 313 1397 365 oppugnationem
1419 313 1583 353 Contre-

181 376 266 414 biae
287 373 495 426 pabulandi
515 378 581 411 aut
601 373 866 411 frumentandi
888 384 1001 410 causa
1022 371 1358 421 progrederentur.
1394 370 1478 408 ausi
1498 374 1583 408 tum

183 444 338 482 quoque
368 437 480 468 erant
499 430 665 468 Arvacos
690 428 730 467 in
751 434 876 479 partes
897 427 1114 465 sollicitare.
1157 426 1263 465 edito
1284 428 1322 464 in
1341 428 1390 464 iis
1409 425 1583 477 exemplo

180 487 270 526 belli
286 486 492 526 consilium
514 498 554 524 se
575 485 774 526 initurum,
798 490 931 523 utrum
951 483 1058 535 prius
1078 484 1254 529 hostem,
1275 488 1405 522 utram
1425 482 1584 533 provin-

165 544 282 591 nciam
309 550 429 594 petat,
460 542 746 581 maritimamne
777 553 904 586 oram,
933 547 976 578 ut
996 540 1229 590 Pompeium
1249 539 1295 577 ab
1317 539 1526 577 Ilercaonia
1547 543 1585 577 et

183 600 428 639 Contestania
448 604 587 644 arceat,
610 604 773 648 utraque
796 597 897 636 socia
919 601 1045 648 gente,
1068 608 1117 634 an
1138 595 1184 634 ad
1200 594 1396 634 Metellum
1418 600 1454 634 et
1470 594 1584 634 Lusi—

182 656 327 695 taniam
348 668 389 694 se
411 659 621 694 convertat.

295 712 397 750 Haec
420 724 551 750 secum
574 710 722 761 agitans
746 709 941 747 Sertorius
962 713 1115 759 praeter
1130 707 1319 746 Hiberum
1341 718 1497 746 amnem
1517 718 1586 757 per

183 774 340 820 pacatos
368 780 478 819 agros
507 767 682 818 quietum
712 765 924 804 exercitum
952 765 1034 803 sine
1061 764 1176 803 ullius
1205 776 1305 802 noxa
1333 763 1451 802 duxit.
1491 774 1585 814 pro—

183 825 308 864 fectus
330 824 417 863 inde
440 825 478 862 in
500 824 746 862 Bursaonum
768 827 804 860 et
827 821 1146 861 Cascantinorum
1168 825 1205 859 et
1222 820 1587 859 Graccuritanorum

184 882 303 925 fines,
333 880 511 918 evastatis
547 879 729 918 omnibus
758 878 1067 929 proculcatisque
1089 877 1284 927 segetibus
1304 877 1350 915 ad
1373 875 1585 927 Calagurim

185 936 381 981 Nasicam,
405 935 601 974 sociorum
621 935 779 980 urbem,
802 935 925 981 venit,
954 940 1295 986 transgressusque
1317 944 1473 972 amnem
1494 944 1588 983 pro-

182 993 374 1044 pinquum
397 992 483 1030 urbi
503 996 621 1043 ponte
642 992 743 1030 facto
766 996 891 1029 castra
912 990 1055 1042 posuit.
1098 995 1253 1041 postero
1271 989 1330 1027 die
1352 988 1399 1027 M.
1421 987 1586 1027 Masium

185 1054 432 1099 quaestorem
460 1048 500 1086 in
515 1049 681 1087 Arvacos
710 1052 749 1087 et
766 1047 1001 1085 Cerindones
1031 1046 1136 1084 misit
1157 1046 1202 1084 ad
1221 1045 1520 1084 conscribendos
1541 1056 1586 1083 ex

183 1104 229 1142 iis
250 1105 428 1155 gentibus
450 1104 592 1143 milites
612 1104 934 1154 frumentumque
962 1103 1049 1141 inde
1073 1102 1339 1147 Contrebiam,
1370 1113 1466 1152 quae
1484 1100 1587 1139 Leu-

185 1161 277 1199 cada
298 1160 530 1210 appellatur,
559 1160 890 1212 conportandum,
919 1164 1072 1210 praeter
1094 1171 1209 1210 quam
1238 1158 1375 1197 urbem
1397 1162 1587 1209 opportu-

186 1217 371 1254 nissimus
394 1228 437 1253 ex
460 1216 674 1255 Beronibus
695 1216 880 1255 transitus
902 1221 994 1262 erat,
1021 1215 1060 1254 in
1082 1227 1368 1266 quamcumque
1389 1213 1586 1264 regionem

186 1273 326 1311 ducere
343 1272 555 1310 exercitum
572 1273 787 1318 statuisset,
811 1278 849 1311 et
865 1272 904 1310 C.
923 1272 1123 1319 Insteium,
1140 1271 1379 1323 praefectum
1396 1269 1586 1322 equitum,

187 1328 388 1379 Segoviam
413 1334 450 1366 et
472 1328 510 1366 iu
532 1328 789 1367 Vaccaeorum
818 1334 972 1379 gentem
994 1329 1041 1367 ad
1063 1328 1239 1379 equitum
1263 1326 1587 1379 conquisitionem

187 1384 310 1430 misit,
341 1385 488 1422 iussum
512 1396 599 1422 cum
623 1385 818 1435 equitibus
841 1384 1068 1423 Contrebiae
1090 1397 1174 1423 sese
1196 1384 1377 1435 opperiri.
1419 1382 1588 1422 dimissis

187 1441 232 1478 iis
254 1440 333 1491 ipse
357 1439 574 1490 profectus,
603 1452 672 1490 per
693 1440 908 1479 Vasconum
933 1453 1067 1492 agrum
1089 1441 1204 1479 ducto
1227 1440 1409 1484 exercitu,
1433 1439 1472 1477 in
1493 1450 1588 1478 con-

187 1496 278 1534 linio
305 1496 500 1534 Beronum
530 1496 658 1546 posuit
685 1501 818 1533 castra.
861 1502 1016 1547 postero
1045 1497 1104 1550 die
1133 1509 1221 1535 cum
1249 1495 1446 1547 equitibcn
1475 1506 1588 1546 prae-

187 1564 341 1603 gressus
364 1552 410 1589 ad
434 1552 568 1590 itinera
589 1552 842 1601 exploranda,
872 1553 977 1591 iusso
998 1552 1126 1604 pedite
1148 1553 1335 1604 quadrato
1357 1551 1505 1603 agmius
1526 1563 1588 1590 se-

189 1608 266 1659 qui,
290 1608 334 1646 ad
361 1607 547 1652 Vareiam,
570 1607 843 1646 validissimam
865 1609 1032 1657 regionis
1053 1609 1134 1647 eius
1156 1609 1305 1655 urbem,
1329 1608 1444 1647 venit.
1485 1607 1588 1647 haud

186 1663 474 1715 inopinantibus
512 1664 556 1702 iis
593 1669 711 1702 noctu
739 1664 961 1708 advenerat,
999 1665 1167 1716 undique
1199 1665 1394 1716 equitibus
1425 1668 1463 1703 et
1497 1675 1587 1703 suae

185 1721 311 1770 gentis
333 1726 370 1757 et
392 1720 654 1758 Autriconum.
699 1719 758 1757 EJ:
781 1720 905 1758 codice
934 1719 1110 1758 Vaticano
1127 1724 1301 1771 primum
1323 1733 1346 1759 a
1368 1720 1533 1759 Brunsio
1555 1727 1589 1759 et

186 1775 401 1820 iuvenum,
426 1777 556 1815 deinde
579 1788 600 1813 α
624 1775 832 1814 ΝιόὂηΙινιό
854 1776 1006 1814 editum.

276 1834 288 1846 '
310 1832 362 1867 21)
391 1830 503 1874 Neque
520 1832 604 1873 apud
621 1831 816 1862 Sallustium
836 1841 938 1873 neque
955 1831 1038 1872 apud
1055 1830 1184 1862 Livium
1203 1842 1306 1874 neque
1320 1832 1402 1875 apud
1417 1831 1589 1864 Fenestel-

189 1877 251 1906 lam
268 1876 369 1907 ullius
384 1876 525 1908 alterius
541 1876 651 1916 (legis)
667 1877 755 1907 latae.
770 1876 809 1907 ab
825 1886 863 1906 oo
881 1876 926 1913 (C.
943 1876 1053 1915 Cotta)
1068 1877 1190 1908 mentio
1205 1883 1432 1918 praeteream,
1446 1887 1542 1920 quam
1554 1877 1588 1909 in

188 1921 362 1952 consulatu
379 1921 456 1953 tutte
470 1924 682 1963 repugnant«-
700 1921 1010 1961 nobilitatc‚magno
1027 1922 1136 1963 populi
1150 1922 1272 1961 studio,
1287 1922 1591 1964 utiis,quitribuni

183 1965 291 2007 plebis
315 1966 456 1998 fuissent
480 1967 564 1997 alios
589 1977 716 2008 quoque
743 1967 957 2005 magistratus
987 1976 1107 2009 capere
1139 1966 1265 1998 liceret.
1313 1968 1437 1999 Asc-⁰71.
1461 1969 1494 2000 ιή
1523 1967 1586 2000 Cic.

189 2010 316 2041 somn-l.
333 2023 366 2054 p.
388 2012 429 2041 (56
447 2011 496 2042 vd.
520 2012 575 2044 Or.

689 2078 742 2109 Ex
764 2077 1086 2109 lil›.12xxxxnll.

278 2131 333 2169 22)
360 2131 477 2163 Livius·
497 2132 528 2162 in
548 2132 632 2162 lilii-o
649 2132 859 2169 nonagesimo
874 2136 991 2172 quarto
1007 2130 1177 2162 lum-inmun
1200 2131 1230 2161 in
1246 2131 1417 2163 Maeoniae
1435 2133 1587 2175 partibus

186 2185 261 2207 esse
279 2176 380 2213 divit,
404 2177 458 2207 ubi
481 2187 543 2218 pm·
561 2176 798 2218 quinquaginta
818 2176 909 2206 milia
928 2180 1039 2206 terrac
1065 2176 1131 2216 igni
1151 2182 1269 2208 exusta
1287 2181 1373 2208 sunt.
1409 2178 1470 2209 hoc
1487 2178 1586 2211 etiam

188 2220 361 2253 Homerum
379 2222 587 2261 significasse
607 2221 687 2252 vult.
723 2221 813 2252 Serv.
833 2220 879 2251 mi
896 2221 1027 2262 set-gil.
1047 2223 1131 2252 Aen.
1152 2221 1246 2259 Vllll,
1265 2222 1342 2254 715.

687 2300 739 2331 Ex
761 2301 827 2331 lib.
848 2300 1087 2333 lxxxxvii.

277 2357 287 2369 ’
310 2355 363 2393 23>
389 2354 543 2393 Triginta
570 2354 711 2396 quinque
736 2355 827 2385 utilia
859 2360 1060 2386 armatorum
1085 2353 1323 2394 (fugitivorum
1346 2367 1364 2387 a
1383 2356 1504 2388 Crasso
1527 2357 1583 2388 de-

188 2400 369 2433 tis-torum)
389 2410 427 2429 co
447 2399 573 2441 proelio
599 2399 773 2430 interfecta
794 2410 865 2430 euin
892 2400 972 2441 ipsis
991 2401 1128 2431 (lucibus
1148 2399 1264 2431 Livius
1287 2401 1408 2440 tradit,
1433 2405 1583 2444 receptus

189 2445 330 2485 quinque
349 2444 513 2475 Romanas
538 2444 684 2485 aquilas,
714 2445 806 2483 signa
827 2455 883 2476 sex
903 2449 935 2475 et
956 2445 1095 2484 viginti,
1119 2446 1220 2476 multu
1245 2445 1370 2487 spolia,
1398 2446 1485 2477 inter
1502 2455 1583 2488 quac

187 2489 329 2530 quinque¹
348 2489 453 2520 sam-es
473 2499 543 2520 cuin
561 2489 746 2521 secui-ibus.
781 2489 934 2521 Frontm.
953 2493 1096 2532 ,πη-αἰσχ.
1118 2489 1153 2526 ΙΙ,
1172 2491 1202 2527 5,
1222 2491 1273 2521 3-1.

680 2568 732 2600 Ex
748 2568 762 2600 l
776 2569 820 2600 ili.
844 2568 1095 2601 Lxxxxvm.

278 2622 289 2635 ‘
313 2622 368 2661 24)
397 2620 551 2660 ,ίμιιῗιυς
577 2621 608 2653 δ’
639 2623 794 2665 εἴρηκεν,
820 2621 865 2658 ὠς
889 2620 1066 2655 οὐδέποτε
1083 2621 1253 2668 Ῥωμαῖοι
1280 2623 1474 2667 πολεμίοις
1490 2622 1584 2657 ἀπο-
