1638 2825
436 199 564 232 LIBER
587 199 754 233 XXXIX.
798 198 890 232 CAP.
914 199 965 231 15.
987 199 1038 231 16.
1387 199 1440 239 29

25 219 53 238 a.
76 211 128 238 ch.
150 211 210 250 181).

27 309 94 345 aut
113 303 249 356 aliquis
271 316 316 342 ex
338 302 626 353 magistratibus
647 301 694 341 ad
717 301 941 341 contionem
961 306 1157 348 vocasset,
1178 301 1280 341 forte
1295 305 1442 341 temere

28 362 132 401 coire
157 359 381 407 voluerunt;
409 363 446 398 et
466 359 703 410 ubicumque
727 358 934 397 multitudo
957 362 1073 405 esset,
1095 357 1147 396 ibi
1169 363 1206 397 et
1225 358 1441 409 legitimum

25 421 216 457 rectorem
252 415 512 456 multitudinis
549 415 759 454 censebant
790 415 929 454 debere
957 427 1054 454 esse.
1108 414 1241 466 quales
1268 415 1440 465 primum

24 477 242 513 nocturnos
266 478 412 518 coetus,
435 472 574 511 deinde
597 472 846 524 promiscuos
868 472 1075 511 mulierum
1098 484 1143 510 ac
1162 471 1335 509 virorum
1354 484 1441 511 esse

24 528 212 570 creditis?
241 530 274 568 si
295 529 436 581 quibus
459 529 647 568 aetatibus
669 528 872 568 initientur
892 541 1020 568 mares
1043 527 1191 574 sciatis,
1217 539 1298 566 non
1320 527 1440 567 mise-

24 591 108 626 reat
132 599 202 625 vos
229 598 367 625 eorum
395 585 541 632 solum,
570 585 638 624 sed
664 585 778 624 etiam
801 585 956 636 pudeat.
999 585 1076 624 hoc
1097 589 1341 623 sacramento
1363 584 1441 623 ini-

23 643 141 682 tiatos
162 643 320 682 iuvenes
342 642 483 681 milites
504 642 703 681 faciendos
721 642 901 688 censetis,
921 639 1122 689 Quirites?
1139 640 1185 680 iis
1204 653 1250 679 ex
1267 640 1440 680 obsceno

25 699 192 739 sacrario
224 699 372 739 eductis
411 711 518 738 arma
552 697 860 738 committenda?
898 698 938 737 hi
972 697 1146 749 cooperti
1179 697 1326 748 stupris
1358 697 1440 738 suis

24 756 234 808 alienisque
263 769 333 807 pro
356 755 538 808 pudicitia
560 756 769 807 coniugum
792 768 836 795 ac
855 755 1067 794 liberorum
1090 759 1311 794 vestrorum
1333 756 1437 794 ferro

25 811 290 853 decernent?“

138 870 290 916 „Minus
311 875 442 908 tamen
463 873 576 916 esset,
599 868 632 908 si
653 868 808 919 flagitiis
830 873 984 908 tantum
1006 868 1216 907 effeminati
1236 868 1369 908 forent
1388 891 1443 896 ——

23 926 202 978 ipsorum
223 926 260 965 id
282 938 421 978 magna
437 939 482 964 ex
499 931 606 978 parte
624 925 789 965 dedecus
808 930 890 964 erat
904 948 972 973 —‚
995 938 1016 964 a
1031 924 1271 964 facinoribus
1288 937 1442 971 manus,

23 988 192 1022 mentem
223 996 245 1022 a
267 983 471 1022 fraudibus
494 981 795 1031 abstinuissent,
824 994 1039 1033 numquam
1061 987 1214 1021 tantum
1235 982 1380 1021 malum
1403 981 1443 1020 in

23 1051 66 1079 re
92 1039 244 1092 publica
272 1039 345 1079 fuit
370 1051 443 1079 nec
468 1039 514 1078 ad
542 1039 672 1090 plures
700 1051 774 1078 nec
797 1039 843 1078 ad
866 1039 974 1090 plura
997 1039 1211 1090 pertinens.
1254 1038 1443 1090 quidquid

25 1096 85 1135 his
113 1097 225 1135 annis
253 1096 430 1140 libidine,
462 1096 649 1147 quidquid
678 1095 833 1143 fraude,
863 1096 1047 1146 quidquid
1077 1095 1219 1134 scelere
1239 1100 1443 1147 peccatum

27 1156 102 1199 est,
133 1165 179 1191 ex
205 1152 268 1191 illo
294 1163 371 1191 uno
395 1152 563 1190 sacrario
592 1152 731 1190 scitote
753 1157 884 1190 ortum
907 1165 1004 1192 esse.
1046 1152 1212 1191 necdum
1236 1151 1379 1198 omnia,
1400 1151 1441 1190 in

26 1220 124 1259 quae
154 1208 426 1255 coniurarunt‚
458 1208 556 1247 edita
577 1208 751 1247 facinora
771 1208 928 1247 habent.
969 1208 1096 1247 adhuc
1116 1208 1276 1259 privatis
1299 1207 1439 1256 noxiis,

25 1264 114 1316 quia
142 1265 319 1303 nondum
350 1265 396 1304 ad
424 1276 506 1303 rem
528 1265 720 1315 publicam
755 1264 1056 1316 obprimendam
1083 1265 1178 1303 satis
1201 1265 1340 1303 virium
1372 1270 1443 1311 est,

770 1365 918 1397 werden.

26 1364 319 1405 Tributcomitieu,
339 1375 366 1397 s.
387 1365 417 1405 2,
437 1365 490 1405 56,
512 1365 570 1405 153
597 1365 625 1407 3,
644 1365 698 1406 71,
819 1405 870 1443 16
923 1409 935 1441 1
978 1409 996 1440 2
1042 1411 1156 1441 miuus·
1175 1413 1189 1441 t
1216 1421 1251 1442 es
1300 1421 1336 1442 es
1353 1411 1445 1442 w‘tire

25 1409 63 1450 3;
88 1409 198 1452 Lange
216 1411 254 1453 2,
273 1410 355 1450 404,
381 1411 434 1442 die
451 1410 539 1452 also,
562 1411 627 1442 wie
646 1411 698 1442 die

25 1457 212 1488 centuriata
235 1456 336 1488 durch
361 1456 413 1487 ein
437 1456 534 1487 Edict
560 1453 698 1487 berufen

23 1501 174 1533 wurdeu.
199 1520 242 1524 —
265 1503 429 1542 continu„
455 1501 542 1533 Gell.
572 1501 628 1541 13,
658 1501 698 1532 16

25 1547 106 1587 (15),
123 1547 158 1579 2:
176 1546 271 1579 aliud
282 1557 356 1578 esse
368 1557 443 1579 cum
455 1547 579 1591 populo
593 1557 699 1589 agere

25 1591 118 1624 aliud
141 1593 331 1625 contionem
350 1593 484 1624 habere.
519 1603 598 1624 nam.
622 1602 698 1624 cum

22 1637 149 1681 populo
167 1648 271 1680 agere
288 1640 340 1669 est
355 1647 483 1679 rogare
497 1638 578 1679 quid
587 1648 697 1681 popu-

25 1683 111 1722 lum,
140 1683 231 1724 quod
250 1684 435 1724 suffrag-iis
458 1684 533 1714 suis
558 1686 620 1715 aut
640 1684 696 1715 iu-

27 1727 103 1758 beat
117 1729 179 1758 aut
191 1729 290 1766 velet,
308 1729 495 1758 contionem
507 1731 623 1760 autem
637 1728 698 1759 ha—

27 1773 105 1804 bere
134 1773 188 1803 est
208 1772 310 1804 verba
320 1773 447 1813 facere
470 1772 515 1803 ad
535 1772 697 1816 populum

26 1817 101 1849 sine
128 1816 196 1848 vlla
217 1818 412 1858 rogatione,
443 1817 570 1849 Becker
599 1817 635 1856 2,
668 1817 697 1858 1,

26 1861 110 1901 3583
129 1861 240 1903 Lange
254 1861 285 1900 2,
303 1861 368 1892 390
378 1862 429 1900 11“.;
448 1861 526 1893 602.
543 1864 698 1905 -χΓονίε

27 1909 115 1948 tem„
128 1917 154 1938 s.
170 1907 224 1947 41,
239 1906 268 1949 2,
284 1907 322 1945 Ἱς
342 1906 396 1946 25,
411 1906 464 1946 38,
484 1907 540 1946 12;
560 1918 596 1939 es
611 1908 696 1939 kann

27 1953 58 1984 in
77 1951 157 1984 Rom
180 1952 275 1984 keine
293 1951 547 1993 Versammlung
564 1951 618 1984 fiir
634 1964 696 1995 po-

27 1997 158 2030 litiscbe
189 1997 331 2030 Zwecke
364 1998 517 2037 gehalten
547 1999 695 2037 werden,

27 2043 79 2075 die
98 2043 188 2074 nicht
204 2053 267 2075 von
285 2042 392 2074 einem
406 2043 584 2083 Magistrat
597 2044 696 2075 beru-

27 2086 80 2120 fen
98 2088 162 2120 und
180 2088 320 2128 geleitet
337 2088 431 2129 wird,
452 2089 606 2132 (legitt‘m.
624 2099 697 2122 rec-

29 2136 158 2173 torem),
176 2143 203 2165 s.
222 2145 250 2165 c.
273 2133 322 2174 16,
341 2133 380 2173 43
400 2133 430 2173 2,
450 2134 501 2175 28,
519 2134 550 2166 3.

76 2178 207 2210 12—14.
267 2181 434 2222 primum,
482 2179 697 2212 Zusammen-

28 2222 160 2262 kiinfte,
185 2224 238 2255 die
262 2228 378 2256 zuerst
401 2225 585 2257 niichtliche
610 2226 695 2267 sind,

28 2269 111 2301 dann
141 2278 223 2301 usW.
257 2288 301 2292 ——
331 2280 460 2311 mares,
494 2271 546 2302 die
576 2271 697 2304 Perso-

28 2324 89 2346 nen
113 2314 318 2346 miinnlichen
341 2314 596 2358 Geschlechtes‚
619 2317 638 2358 ξ
659 2316 697 2357 9;

28 2370 56 2391 c.
79 2359 136 2398 10,
154 2359 186 2391 6.
205 2378 248 2382 —
265 2360 326 2391 hoc
342 2370 505 2401 sacram„
530 2362 569 2393 da
587 2362 636 2393 sie
655 2362 697 2394 im

26 2404 290 2446 Jiinglingsalter
319 2405 442 2437 bereits
471 2406 571 2438 durch
601 2408 697 2439 einen

28 2449 89 2482 Eid
115 2460 155 2482 zu
181 2450 490 2483 Schiindlichkeiten
517 2452 586 2484 sich
618 2463 698 2484 ver-

28 2494 176 2537 pnichtet
193 2496 314 2537 huben,
340 2506 367 2528 s.
386 2507 414 2527 c.
435 2496 490 2537 18,
510 2497 546 2538 3,
569 2508 606 2529 so
625 2498 697 2530 sind

29 2539 78 2572 sie
96 2550 168 2572 zum
184 2540 392 2573 Fahneneide
411 2552 470 2582 gar
489 2543 578 2575 nicht
594 2554 698 2575 zuzu-

29 2584 151 2618 lassen.
169 2603 213 2610 —
228 2597 292 2631 pro
308 2587 418 2631 pudic.
444 2591 526 2628 etc„
550 2589 626 2620 dass
650 2589 697 2621 sie

29 2630 118 2663 nicht
154 2641 218 2664 von
252 2631 398 2665 Feinden
438 2633 700 2674 gemisshandelt

771 1460 873 1488 etwas
903 1455 1127 1495 Gerfflgeres,
1161 1454 1445 1488 Unbedeutende-

772 1512 838 1541 res,
856 1501 923 1542 vgl.
943 1499 1010 1532 Cic.
1026 1500 1117 1532 Fam.
1135 1500 1186 1541 15,
1207 1501 1257 1542 10,
1277 1501 1313 1533 2:
1331 1504 1363 1533 si
1377 1503 1445 1533 mi·-

770 1547 805 1578 Ιιί
822 1550 929 1579 tecum
946 1548 1059 1578 minus
1078 1549 1178 1578 esset.
1202 1565 1244 1569 ——
1256 1546 1402 1589 flagitia
1423 1565 1446 1570 —

770 1594 924 1636 ipsorum
942 1592 1137 1623 bezeichnet
1154 1590 1330 1623 scharfdie
1341 1592 1447 1634 flagi-

771 1639 820 1670 tia
842 1638 892 1669 als
911 1637 973 1668 den
993 1637 1182 1669 Fehlenden
1202 1637 1310 1669 selbst
1327 1638 1446 1669 schiin-

771 1683 872 1722 dend,
903 1693 929 1714 s.
957 1681 1037 1714 Tac.
1064 1681 1174 1714 Germ.
1203 1682 1258 1720 12,
1288 1693 1351 1715 von
1382 1683 1444 1714 den

760 1729 929 1770 facinora
957 1738 988 1759 u.
1003 1727 1176 1770 fraudes,
1205 1728 1334 1759 offenen
1365 1729 1447 1760 oder

770 1773 1001 1813 verborgenen
1040 1773 1231 1804 schlechten
1272 1773 1446 1805 Handlun-

771 1828 850 1858 gen,
873 1818 975 1849 durch
1001 1818 1126 1848 welche
1146 1819 1278 1849 Andere
1298 1819 1446 1849 verletzt

770 1863 917 1902 werden,
936 1872 962 1894 s,
982 1873 1010 1894 c.
1033 1862 1084 1903 13,
1107 1862 1164 1901 11;
1189 1863 1239 1901 17,
1259 1863 1288 1894 7.
1302 1881 1346 1886 ——
1360 1866 1445 1904 erat,

769 1909 818 1940 als
837 1909 886 1940 sie
904 1909 961 1939 das
980 1908 1198 1939 Schiindliche
1225 1909 1354 1946 thaten,
1380 1909 1446 1940 und

771 1954 861 1985 wiire
877 1952 997 1994 esjezt
1011 1954 1105 1985 noch.
1120 1971 1163 1976 —
1177 1954 1368 1995 asacinor„
1386 1955 1445 1985 dn-

769 2009 832 2031 vor
850 1999 894 2030 ist
911 1998 1038 2029 wieder
1055 1999 1087 2030 si
1105 2009 1144 2030 zu
1169 1999 1319 2038 denken,
1345 2010 1372 2031 s.
1391 2000 1442 2042 38,

770 2043 830 2085 48,
858 2044 915 2083 153
940 2054 1002 2075 vor
1018 2054 1204 2086 numquam
1227 2044 1290 2076 wie
1307 2043 1328 2087 ξ
1347 2044 1365 2076 3
1384 2056 1446 2077 νοι·

770 2092 893 2122 crescit
909 2090 1054 2130 dagegen
1070 2089 1139 2121 sed.
1155 2108 1199 2113 —
1213 2090 1321 2132 qm'dq.
1339 2109 1360 2113 -
1372 2101 1446 2122 see-

770 2135 839 2168 len-e
853 2146 886 2178 p.
906 2146 945 2173 (1.,
965 2145 991 2166 s.
1011 2134 1080 2166 Cic.
1097 2135 1166 2166 Cat.
1187 2135 1214 2175 1,
1236 2137 1264 2175 7,
1288 2135 1344 2174 183
1364 2135 1394 2176 2,
1415 2136 1442 2177 2,

772 2181 809 2219 73
839 2180 977 2213 libidine
1005 2181 1083 2220 geht
1118 2179 1177 2212 auf
1196 2181 1367 2223 stag-llils,
1404 2182 1444 2213 1111

772 2226 867 2267 Folg.
887 2226 931 2257 ist
945 2227 1108 2267 facinora
1126 2231 1210 2258 skatt
1234 2226 1362 2258 scelera
1385 2237 1444 2267 ffe-

771 2276 872 2304 setzt.

817 2317 905 2348 3-4.
942 2316 1031 2348 edila
1048 2336 1067 2339 -«
1085 2318 1207 2349 habeut
1231 2317 1304 2348 eine
1329 2317 1444 2356 cigen-

771 2362 949 2394 thiimliche
974 2362 1206 2402 Verbindnng,
1231 2362 1378 2401 obglcivh
1407 2361 1441 2392 L.

770 2408 893 2440 habere
922 2408 1010 2439 nicht
1038 2408 1145 2439 seltcn
1176 2408 1234 2439 mit
1261 2408 1331 2438 (leni
1359 2411 1442 2448 pai-t.

771 2457 877 2495 praet.
896 2453 1081 2492 verbindet,
1096 2464 1123 2484 s.
1139 2464 1166 2485 r.
1188 2453 1239 2493 29,
1258 2454 1295 2489 11;
1316 2451 1369 2491 31,
1388 2451 1442 2491 42,

774 2498 888 2537 1325,
908 2498 965 2541 28,
985 2499 1022 2537 53
1043 2500 1079 2537 9,
1099 2499 1155 2538 20,
1174 2498 1191 2528 2
1211 2508 1242 2528 11.
1261 2508 1289 2528 a.
1309 2515 1351 2520 —
1369 2498 1442 2541 pri-

771 2546 836 2576 rac.
859 2554 960 2583 noan,
986 2544 1160 2583 Vergchen
1193 2543 1222 2573 in
1249 2542 1443 2574 Privatvor—

772 2589 973 2629 minuissem
998 2599 1102 2628 κομι-11
1124 2588 1348 2628 l’rivatleuto3
1367 2590 1444 2631 pri-

770 2637 849 2667 vata
861 2635 975 2677 sort.,
1000 2633 1358 2675 l‘rivatverhiiltnisse,
1384 2644 1442 2674 ge-

1471 420 1512 453 12

1472 534 1512 567 13

1474 705 1516 739 14

1474 873 1526 911 16
