1712 2825
257 183 339 224 302
501 182 746 215 PERIOCHAE
771 182 998 215 LIBRORUM
1023 182 1426 216 LXXXIIâ€”LXXXVI.

255 285 386 328 proelio
405 285 489 317 vicit
512 285 620 317 caesis
642 285 787 317 hostium
813 290 940 318 centum
964 285 1098 316 milibus
1122 289 1156 316 et
1172 284 1294 316 castris
1313 294 1439 327 quoque
1456 284 1666 327 expugnatis.

254 335 417 363 renovato
436 330 554 362 deinde
570 330 660 362 bello
679 330 800 362 iterum
817 331 1004 362 exercitum
1026 330 1116 371 regis
1139 328 1226 362 fudit
1248 340 1286 361 ac
1309 330 1447 362 delevit.
1479 329 1665 362 Archelaus

254 387 327 408 cum
350 376 458 407 classe
482 376 576 417 regia
596 375 711 418 Syllae
735 386 771 407 se
791 376 941 408 tradidit.
980 374 1018 406 L.
1036 375 1194 407 Valerius
1216 374 1357 406 Flaccus
1381 375 1513 416 consul,
1535 374 1666 416 collega

255 421 395 459 Cinnae,
412 421 550 460 missus,
568 425 605 452 ut
621 420 736 464 Syllae
753 421 964 459 succederet,
988 425 1126 462 propter
1149 420 1327 459 avaritiam
1351 420 1481 452 invisus
1499 419 1666 452 exercitui

253 477 312 498 suo
331 477 350 498 a
368 465 403 499 C.
421 465 571 497 Fimbria
586 466 697 506 legato
716 466 832 508 ipsius,
850 466 987 497 ultimae
1004 465 1162 497 audaciae
1178 465 1320 507 homine,
1338 465 1468 497 occisus
1486 469 1538 497 est
1554 469 1588 496 et
1604 465 1668 496 im-

253 512 382 554 perium
406 512 447 542 ad
469 510 651 542 Fimbriam
673 511 885 543 translatum.
934 515 1107 553 praeterea
1132 515 1338 553 expugnatae
1362 511 1396 542 in
1418 510 1501 542 Asia
1524 509 1624 542 urbes
1646 519 1666 541 a

254 556 451 589 Mithridate
469 561 501 587 et
519 556 702 588 crudeliter
720 557 849 598 direpta
867 556 1052 598 provincia,
1070 556 1344 598 incursionesque
1361 554 1527 588 Thracum
1545 555 1580 587 in
1595 553 1668 586 Ma-

256 602 426 634 cedoniam
443 599 647 633 referuntur.

780 681 844 712 EX
861 680 937 712 LIB.
954 680 1141 712 LXXXIII.

345 734 484 767 Flavius
507 734 656 766 Fimbria
681 735 713 766 iu
736 734 819 766 Asia
842 733 925 766 fusis
949 734 1078 776 proelio
1104 735 1232 777 aliquot
1254 733 1434 778 praefectis
1456 733 1666 766 Mithridatis

254 779 370 812 urbem
387 780 581 821 Pergamum
599 779 696 822 cepit,
715 780 949 821 obsessumque
967 789 1078 820 regem
1092 791 1155 811 non
1172 780 1309 812 multum
1327 778 1411 811 afuit
1429 780 1507 822 quin
1521 783 1667 822 caperet.

254 825 369 857 urbem
385 824 498 864 Ilium,
523 835 605 866 quae
629 835 664 856 se
686 825 847 866 potestati
865 824 979 867 Syllae
1003 825 1218 865 reservabat,
1241 825 1445 867 expugnavit
1467 835 1505 856 ac
1528 824 1666 865 delevit,

255 875 288 902 et
304 880 453 911 magnam
471 874 601 910 partem
614 869 717 901 Asiae
735 870 872 911 recepit.
903 869 999 912 Sylla
1016 870 1240 912 compluribus
1258 870 1396 912 proeliis
1410 869 1559 902 Thracas
1577 869 1666 901 ceci-

254 915 313 947 dit.
348 925 420 946 cum
438 914 474 946 L.
495 913 599 945 Cinna
617 919 650 946 et
668 914 725 945 Cn.
743 914 897 957 Papirius
916 914 1035 954 Carbo,
1054 925 1071 946 a
1089 925 1125 946 se
1144 915 1226 957 ipsis
1251 915 1403 946 consules
1422 925 1480 957 per
1498 914 1665 946 biennium

254 961 370 1000 creati,
383 960 506 991 bellum
520 964 636 991 contra
651 959 778 1002 Syllam
792 964 1041 1002 praepararent,
1057 960 1207 992 effectum
1221 965 1273 992 est
1281 970 1340 1002 per
1348 959 1559 992 L.Valerium
1567 958 1666 991 Flac-

254 1015 326 1037 cum
343 1005 524 1048 principem
542 1009 689 1044 senatus,
708 1005 763 1047 qui
778 1005 963 1036 orationem
979 1005 1012 1036 in
1030 1009 1148 1036 senatu
1165 1005 1290 1045 hahuit,
1309 1009 1342 1036 et
1360 1015 1419 1047 per
1432 1015 1501 1045 eos,
1519 1004 1574 1046 qui
1586 1015 1666 1036 con-

254 1051 386 1082 cordiae
405 1051 593 1089 studebant,
610 1055 645 1081 ut
663 1050 766 1091 legati
783 1051 822 1081 ad
840 1049 968 1092 Syllam
984 1050 1023 1081 de
1040 1059 1120 1092 pace
1137 1050 1362 1082 mitterentur.
1389 1049 1491 1082 Cinna
1508 1050 1548 1081 ab
1566 1059 1666 1081 exer-

253 1096 323 1127 citu
352 1106 428 1134 suo,
458 1105 551 1137 quem
580 1095 720 1126 invitum
744 1095 882 1136 cogebat
911 1105 1013 1126 naves
1037 1096 1260 1127 conscendere
1289 1100 1322 1126 et
1349 1095 1512 1126 adversus
1537 1094 1666 1138 Syllam

251 1141 437 1183 proficisci,
460 1139 658 1172 interfectus
682 1145 752 1180 est,
777 1140 985 1172 consulatum
1010 1140 1117 1172 Carbo
1141 1141 1234 1172 solus
1257 1140 1373 1181 gessit.
1419 1140 1515 1184 Sylla
1537 1149 1611 1171 cum
1632 1139 1665 1171 in

252 1186 366 1218 Asiam
384 1186 586 1225 traiecisset,
604 1196 715 1228 pacem
731 1196 802 1217 cum
816 1185 1009 1217 Mithridate
1027 1184 1117 1226 feeit,
1136 1186 1182 1217 ita
1199 1191 1236 1217 ut
1251 1186 1302 1216 his
1317 1185 1451 1217 eederet
1467 1184 1664 1228 provinciis:

252 1232 349 1271 Asia,
372 1231 544 1274 Bithynia,
571 1230 784 1273 Cappadocia.
818 1230 963 1262 Fimbria
981 1231 1134 1262 desertus
1153 1231 1192 1262 ab
1211 1231 1384 1270 exercitu,
1408 1230 1463 1273 qui
1479 1231 1519 1262 ad
1536 1229 1666 1273 Syllam

252 1277 448 1316 transierat,
466 1276 535 1318 ipse
549 1287 584 1308 se
599 1276 776 1318 percussit.
795 1276 1048 1318 impetravitque
1062 1276 1101 1307 de
1115 1286 1214 1308 servo
1230 1287 1301 1315 suo,
1314 1276 1476 1318 praebens
1489 1275 1665 1316 cervicem,

253 1327 289 1353 ut
307 1332 342 1353 se
360 1321 538 1353 occideret.

772 1376 835 1408 Ex
852 1376 928 1408 LIB.
947 1376 1147 1409 LXXXlllI.

347 1430 442 1473 Sylla
460 1430 598 1471 legatis,
623 1430 677 1471 qui
696 1441 712 1461 a
731 1435 849 1462 senatu
867 1431 960 1462 missi
979 1436 1086 1470 erant,
1105 1430 1252 1462 futurum
1270 1441 1305 1462 se
1324 1431 1354 1462 in
1374 1435 1540 1473 potestate
1556 1440 1654 1462 sena-

254 1481 308 1507 tus
327 1475 509 1517 respondit,
529 1475 558 1506 si
577 1475 678 1515 cives,
698 1475 750 1517 qui
770 1476 855 1517 pulsi
874 1486 890 1506 a
910 1476 1012 1507 Cinna
1030 1477 1070 1507 ad
1089 1485 1124 1507 se
1142 1474 1369 1516 confugerant,
1388 1476 1659 1508 restituerentur.

255 1530 336 1563 quae
351 1521 500 1551 condicio
516 1531 587 1551 cum
602 1520 689 1551 iusta
705 1521 836 1552 senatui
852 1521 1033 1553 videretur.
1054 1531 1110 1563 per
1124 1520 1308 1552 Carbonem
1322 1520 1564 1563 factionemque
1577 1520 1659 1562 eius,

255 1566 307 1597 cui
327 1566 449 1596 bellum
467 1565 645 1607 videbatur
664 1565 793 1605 utilius,
812 1576 850 1597 ne
868 1566 1074 1607 conveniret,
1093 1566 1244 1597 effectum
1263 1571 1323 1597 est.
1358 1566 1442 1597 idem
1461 1566 1568 1598 Carbo
1587 1575 1660 1598 eum

254 1611 294 1643 ab
318 1611 467 1642 omnibus
492 1610 608 1642 ltaliae
632 1610 758 1652 oppidis
788 1611 996 1653 coloniisque
1028 1611 1158 1642 obsides
1189 1611 1326 1651 exigere
1350 1611 1469 1651 vellet,
1500 1615 1535 1643 ut
1562 1610 1660 1642 fidem

254 1666 367 1687 eorum
386 1661 502 1687 contra
521 1655 648 1699 Syllam
668 1656 844 1696 obligaret,
863 1667 1025 1687 consensu
1044 1661 1177 1688 senatus
1196 1656 1382 1697 prohibitus
1400 1661 1462 1688 est.
1497 1656 1592 1688 novis
1610 1655 1659 1688 ei-

254 1701 350 1732 vibus
369 1705 503 1732 senatus
523 1701 674 1732 consulto
693 1701 887 1742 sutl'ragium
905 1702 1015 1733 datum
1035 1706 1097 1733 cst.
1132 1700 1169 1742 Q.
1190 1700 1345 1733 Metellus
1364 1701 1453 1739 Pius,
1473 1701 1528 1743 qui
1546 1705 1657 1744 partes

255 1746 462 1789 optimatium
481 1751 614 1777 secutus
633 1751 717 1784 erat,
736 1757 806 1778 rum
828 1747 858 1777 in
878 1745 993 1778 Africa
1013 1746 1134 1777 bellum
1152 1746 1338 1785 moliretur,
1357 1757 1374 1777 a
1393 1747 1426 1777 C.
1442 1745 1543 1778 Fabio
1562 1755 1658 1789 prae-

255 1797 329 1823 tore
348 1792 462 1833 pulsus
481 1795 543 1830 est,
562 1796 762 1833 senatusque
781 1792 966 1823 consultum
987 1802 1042 1833 per
1061 1790 1238 1823 factionem
1258 1791 1420 1823 Carbonis
1438 1796 1472 1823 et.
1490 1791 1658 1823 Mariana-

255 1847 325 1867 rum
344 1836 485 1878 partium
511 1836 632 1868 sartum
651 1841 718 1875 est,
743 1841 777 1867 ut
797 1848 908 1868 omnes
934 1837 1053 1878 ubique
1071 1837 1241 1868 exereitus
1259 1837 1518 1868 dimitterentur.
1553 1836 1658 1868 liber-

253 1882 315 1913 tini
336 1882 367 1913 in
383 1882 522 1923 quinque
537 1886 567 1913 et
584 1882 723 1922 triginta
739 1882 846 1913 tribus
861 1882 1037 1913 distributi
1052 1887 1138 1913 sunt.
1175 1887 1347 1924 practerea
1363 1881 1442 1914 belli
1456 1886 1658 1924 apparatum,

254 1927 339 1968 quod
358 1931 472 1957 contra
492 1927 531 1969 S)
544 1927 619 1958 llam
638 1927 864 1965 excitabatur,
883 1927 1040 1958 eontinet.

345 2059 439 2101 Sylla
461 2060 491 2090 in
512 2059 637 2090 ltaliam
658 2071 728 2089 vum
747 2061 897 2091 exercitu
917 2061 1068 2096 traiecit,
1095 2060 1272 2101 missisque
1290 2059 1424 2100 togatis,
1450 2059 1503 2101 qui
1521 2059 1560 2091 de
1579 2069 1658 2102 paco

255 2108 404 2144 agerent,
423 2108 452 2134 vt
472 2104 511 2134 ab
527 2105 661 2134 vunsutv
677 2105 710 2134 C.
730 2104 883 2135 Norbano
900 2115 911 2134 x
924 2105 1046 2138 inlatis,
1066 2105 1200 2135 cundem
1220 2104 1405 2135 Norbanum
1422 2104 1548 2147 proelio
1564 2104 1657 2137 vicit.

255 2154 287 2180 et
305 2160 374 2179 vum
397 2148 429 2179 L.
449 2149 626 2190 Svipinnis,
646 2149 785 2179 alterius
805 2149 962 2184 consulis,
981 2161 1051 2180 rum
1071 2160 1132 2190 quo
1152 2161 1208 2191 peiÎ‡
1226 2150 1332 2187 oinuia
1354 2150 1383 2181 itl
1403 2153 1530 2190 egerat,
1548 2153 1583 2181 ut
1601 2159 1658 2192 pa-

255 2204 323 2225 rem
344 2195 504 2233 iungeret.
526 2205 581 2224 ncÂ«-
602 2198 765 2235 potum-at.
785 2198 893 2225 rastra
911 2199 1158 2236 oppugnaturus
1177 2200 1276 2233 essct,
1297 2195 1472 2226 universus
1486 2194 1657 2226 exercitus

254 2240 419 2277 consulis,
438 2239 642 2270 sollicitatos
662 2250 718 2279 prr
735 2239 876 2270 emissos
895 2251 910 2270 a
931 2240 968 2281 S)
983 2240 1023 2270 lla
1045 2240 1178 2275 milites,
1197 2241 1290 2280 signa
1308 2241 1346 2271 ad
1365 2240 1491 2283 Syllam
1508 2243 1659 2271 transtu-

257 2284 306 2315 lit.
343 2285 472 2326 Scipio,
499 2295 569 2315 rum
594 2284 699 2314 ore-idi
726 2289 852 2324 posset,
877 2285 1033 2315 dimissus
1057 2290 1117 2316 vsi.
1152 2287 1207 2316 Cn.
1229 2285 1417 2327 Pompeius,
1441 2285 1496 2316 Cn.
1525 2283 1657 2327 Pompei

256 2329 343 2360 lilius
362 2330 450 2367 rius,
475 2329 528 2370 qui
549 2329 704 2360 Asi-ulum
724 2334 852 2369 rrprrat
866 2353 872 2363 ,
900 2331 1049 2371 privatus
1068 2331 1256 2372 conscripto
1276 2330 1540 2361 voluntat-imum
1559 2339 1657 2361 exer-

255 2374 323 2404 vitu
341 2386 411 2405 cuin
431 2374 538 2405 tribus
559 2374 744 2413 legionibus
763 2375 799 2403 ud
821 2375 858 2416 S)
872 2375 944 2405 llam
967 2380 1121 2412 Ï…Ï€Î·ÏŠÎµÎ¹á¿‘Ï‚
1145 2376 1183 2405 ad
1203 2385 1296 2417 quein
1320 2385 1355 2406 se
1375 2374 1532 2406 nobilitas
1550 2373 1655 2405 olonis

255 2418 456 2452 ronst-rebatâ€ž
478 2420 521 2450 ita
543 2424 573 2450 ut
591 2420 721 2450 â€¹tc-serta
743 2419 821 2448 urlw
840 2420 878 2450 ad
894 2425 1002 2450 casira
1021 2421 1202 2451 xenii-rtur.
1239 2425 1410 2461 prat-terra
1425 2418 1654 2462 expeditiones

257 2475 313 2505 per
330 2469 430 2495 totam
452 2464 577 2495 ltaliam
598 2464 770 2505 intrim-aqu(â¸
791 2463 895 2505 partis
913 2465 1029 2495 â€¹lm-um
1051 2465 1253 2496 reseruntur.

779 2543 835 2574 Î™á¿¦Î§
859 2544 931 2574 Lm.
954 2544 1141 2576 Lxxxvt.

347 2598 424 2628 Cum
445 2598 479 2629 C.
502 2597 626 2629 Marius
647 2599 680 2629 (J.
702 2597 785 2629 Muri
812 2598 898 2628 tilius
917 2599 1030 2629 consul
1056 2603 1131 2629 onte
1149 2609 1251 2629 ainms
1275 2597 1337 2629 XX
1364 2607 1420 2639 per
1439 2596 1504 2628 vim
1521 2600 1655 2628 creatus
