1712 2825
244 214 325 253 300
500 211 745 245 PERIocuAE
771 210 994 245 Ltssnosst'iu
1018 209 1406 244 Lxxlm—Lxxvm.

242 316 288 347 lio
306 320 453 358 praetor,
467 315 620 357 quoniam
634 315 811 347 secundum
823 313 992 345 debitores
1007 313 1058 345 ius
1072 312 1214 354 dicebat,
1228 313 1268 345 ab
1282 313 1344 352 eis,
1358 313 1414 355 qui
1427 311 1655 355 faenerabant,

241 361 276 392 in
293 359 366 392 foro
390 361 522 392 occisus
545 365 606 392 est.
639 364 814 402 praeterea
837 359 1046 391 incursiones
1064 357 1228 390 Thracum
1251 358 1285 391 in
1303 358 1531 391 Macedoniam
1552 370 1655 402 popu-

241 406 451 448 lationesque
468 406 627 438 continet.

791 484 853 515 Ex
871 483 946 516 LIB.
966 483 1106 516 LXXV.

332 540 371 571 A.
396 539 584 571 Postumius
605 538 747 568 Albinus
771 538 900 579 legatus
925 549 997 569 cum
1022 538 1124 569 classi
1147 542 1333 580 praeesset„
1359 537 1491 570 infamis
1514 537 1654 570 crimine

239 585 442 628 proditionis
470 584 510 615 ab
539 584 692 615 exercitu
720 593 779 613 suo
811 582 1008 615 interfectus
1037 588 1098 614 est.
1144 583 1180 614 L.
1206 582 1382 615 Cornelius
1404 583 1500 626 Sylla
1521 583 1653 624 legatus

242 630 406 662 Samnites
435 629 564 671 proelio
590 629 672 660 vicit
701 633 732 659 et
761 628 837 659 bina
866 633 978 660 castra
1002 639 1116 660 eorum
1140 629 1354 670 expugnavit.
1402 627 1458 659 Cn.
1477 627 1652 670 Pompeius

239 676 400 708 Vestinos
423 675 457 706 in
480 674 681 705 deditionem
705 674 844 715 accepit.
884 673 919 704 L.
940 673 1078 705 Porcius
1103 674 1219 704 consul
1242 674 1341 705 rebus
1364 683 1524 715 prospere
1546 673 1651 714 gestis

240 719 388 762 fusisque
414 720 614 761 aliquotiens
639 718 779 757 Marsis,
804 719 878 749 dum
903 724 1015 750 castra
1040 729 1152 750 eorum
1171 723 1346 760 expugnat,
1371 718 1510 758 cecidit3
1539 727 1578 750 ea
1595 728 1651 751 res

239 766 391 798 hostibus
408 765 586 796 victoriam
604 765 675 795 eius
694 764 816 805 proelii
833 764 933 795 dedit.
968 763 1150 795 Cosconius
1169 768 1202 795 et
1220 763 1381 795 Lucceius
1401 763 1564 795 Samnites
1581 764 1655 795 acie

240 811 412 847 vicerunt,
446 809 586 841 Marium
617 809 809 850 Egnatium,
847 809 1090 840 nobilissimum
1119 809 1263 840 hostium
1294 809 1424 848 ducem,
1461 808 1656 841 occiderunt

241 856 476 897 compluraque
500 855 618 897 oppida
646 855 678 885 in
701 854 901 885 deditionem
924 859 1133 896 acceperunt.
1174 853 1209 885 L.
1231 854 1326 897 Sylla
1343 853 1499 896 Hirpinos
1517 853 1655 894 domuit,

243 901 409 933 Samnites
426 900 576 943 pluribus
595 899 732 941 proeliis
750 898 851 938 fudit,
876 899 1002 941 aliquot
1021 899 1159 941 populos
1184 899 1328 942 recepit,
1353 899 1550 941 quantisque
1574 909 1653 930 raro

242 946 412 989 quisquam
430 945 518 976 alius
536 949 612 976 ante
632 944 839 976 consulatum
858 944 956 975 rebus
974 944 1079 985 gestis
1098 945 1138 975 ad
1157 944 1349 986 petitionem
1374 944 1568 976 consulatus
1584 943 1652 975 Ro-

241 1002 327 1023 mam
345 995 396 1022 est
414 989 593 1033 profectus.

783 1068 845 1100 Ex
863 1068 938 1100 Llss,
959 1068 1113 1102 LXXVI.

332 1128 371 1157 Α.
391 1122 551 1155 Gabinius
575 1123 706 1163 legatus
731 1122 829 1154 rebus
848 1123 1009 1154 adversus
1027 1122 1180 1154 Lucanos
1199 1132 1356 1165 prospere
1374 1123 1482 1163 gestis
1500 1127 1534 1154 et
1550 1122 1656 1166 pluri-

241 1171 302 1202 mis
322 1169 447 1212 oppidis
466 1168 675 1211 expugnatis,
694 1168 725 1198 in
743 1168 913 1199 obsidione
931 1168 1104 1199 hostilium
1123 1173 1309 1200 castrorum
1328 1168 1458 1200 cecidit.
1489 1167 1654 1210 Sulpicius

243 1217 372 1257 legatus
391 1214 602 1246 Marrucinos
627 1213 747 1244 cecidit
765 1218 932 1255 totamque
952 1224 1021 1245 eam
1048 1213 1215 1254 regionem
1234 1213 1370 1255 rece-pit.
1405 1213 1461 1245 Cu.
1480 1213 1653 1256 Pompeius

242 1261 420 1304 proconsul
438 1260 596 1292 Vestinos
615 1264 647 1290 et
666 1258 840 1299 Paelignos
860 1259 892 1289 in
909 1259 1109 1290 deditionem
1128 1258 1265 1300 accepit.
1301 1258 1405 1290 Marsi
1422 1268 1561 1301 quoque,
1578 1268 1597 1290 a
1614 1257 1653 1290 L.

242 1307 344 1338 Cinna
368 1310 401 1337 et
418 1305 564 1336 Caecilio
583 1304 641 1335 Pio
669 1304 786 1344 legatis
811 1304 938 1345 aliquot
961 1304 1099 1346 procliis
1123 1302 1237 1335 fracti.
1263 1308 1375 1346 petere
1400 1313 1511 1346 pacem
1537 1313 1656 1345 coepe-

242 1356 331 1383 runt.
369 1351 527 1382 Asculum
553 1360 569 1380 a
589 1349 645 1380 Cu.
666 1349 818 1390 Pompeio
843 1354 972 1391 captum
997 1354 1058 1380 est.
1106 1349 1213 1380 caesis
1236 1353 1268 1380 ct
1292 1359 1309 1380 a
1328 1348 1494 1380 Mamerco
1511 1348 1655 1381 Aemilio

240 1397 351 1436 legato
371 1395 497 1426 italicis
516 1395 585 1425 Silo
603 1394 820 1436 pompaedius
838 1394 903 1425 dux
920 1393 1124 1433 Marsorum,
1150 1398 1268 1425 auctor
1282 1394 1383 1425 totius
1398 1394 1458 1433 rei,
1477 1395 1509 1426 in
1527 1393 1654 1436 proelio

242 1441 372 1473 cecidit.
412 1440 658 1472 Ariobarzanes
684 1439 924 1481 Cappadociae,
949 1439 1144 1470 Nicomedes
1164 1439 1335 1481 Bithyniae
1360 1450 1461 1480 regno
1486 1449 1504 1470 a
1522 1438 1656 1470 Mithri-

242 1487 318 1518 date
336 1485 432 1517 Ponti
451 1496 527 1525 rege
546 1485 631 1527 pulsi
650 1488 737 1515 sunt.
773 1489 946 1526 practerea
970 1484 1178 1515 incursiones
1197 1483 1360 1515 Thracum
1379 1484 1409 1515 in
1428 1483 1655 1516 Macedoniam

243 1531 539 1574 populationesque
558 1530 719 1561 continet.

779 1608 839 1640 Ex
857 1608 933 1640 LIB.
953 1607 1124 1640 LXXVII.

334 1663 412 1695 Cum
441 1663 472 1695 Ρ.
494 1663 660 1706 Sulpicius
684 1663 838 1694 tribunus
862 1663 966 1705 plebis
991 1667 1128 1694 auctore
1147 1662 1180 1693 C.
1203 1661 1309 1694 Mario
1334 1662 1538 1704 perniciosas
1564 1662 1654 1703 leges

244 1710 505 1751 promulgasset,
531 1714 563 1740 ut
589 1709 705 1740 exules
731 1713 972 1739 revocarentur
1002 1713 1033 1739 ct
1059 1708 1136 1738 novi
1160 1707 1251 1739 cives
1277 1708 1488 1750 libertinique
1511 1709 1544 1739 iu
1571 1707 1607 1739 V
1619 1709 1655 1739 et

244 1754 342 1787 lu]
360 1756 470 1786 tribus
492 1754 793 1793 distribuercntur,
817 1758 847 1784 ct
874 1758 906 1784 ut
926 1754 960 1784 C.
981 1753 1108 1784 Marius
1131 1753 1292 1785 adversus
1313 1752 1537 1784 Mithridatem
1556 1751 1655 1785 Ponti

244 1810 354 1840 regem
372 1800 437 1830 du).
456 1805 646 1834 crearetur,
671 1804 702 1830 ct
722 1799 976 1830 adversantibus
995 1798 1185 1830 consulibus
1205 1798 1242 1839 Q.
1261 1798 1414 1840 Pompeio
1432 1803 1465 1830 et
1484 1797 1519 1830 L.
1538 1797 1654 1840 Syllae

245 1845 308 1876 vim
336 1845 522 1883 intulisset,
547 1845 655 1875 occiso
681 1844 719 1885 Q.
746 1844 896 1886 Pompeio
922 1844 1070 1875 consulis
1095 1843 1180 1879 lilio,
1204 1854 1327 1883 gent-ro
1345 1843 1477 1886 Syllae,
1501 1842 1538 1876 L.
1557 1842 1655 1919 Sz'lla

243 1891 356 1922 consul
376 1901 447 1921 cum
466 1891 617 1921 exercitu
640 1890 672 1920 iu
691 1890 803 1921 urbem
823 1889 913 1921 venit
936 1894 968 1920 ct
987 1890 1148 1920 adversus
1174 1887 1348 1920 factionem
1367 1888 1492 1931 Sulpici
1517 1893 1550 1921 ct
1567 1887 1586 1920 ll
1603 1887 1655 1920 uri

243 1935 273 1966 in
299 1937 368 1977 ipsa
394 1936 473 1967 urbc
492 1935 648 1977 pugnavit
672 1945 806 1977 eamque
829 1935 966 1977 expulit.
1013 1945 1052 1965 cx
1079 1944 1138 1976 qua
1159 1933 1217 1965 xl!
1241 1944 1258 1964 a
1277 1938 1394 1966 senatu
1412 1934 1542 1972 hostes,
1566 1933 1654 1965 inter

242 1991 322 2021 quos
338 1981 371 2012 tl.
390 1980 516 2012 Marius
533 1985 670 2022 pateret
687 1981 786 2016 titios,
802 1980 936 2011 iudicati
951 1984 1037 2011 sunt.
1059 1979 1091 2009 Ι).
1108 1979 1272 2021 Sulpicius
1287 1989 1358 2010 cum
1379 1978 1408 2009 in
1423 1979 1558 2020 quadam
1572 1977 1655 2010 villa

243 2022 1653 2064 lateret,india-ioscrvisuirctractusctoccisuscst.scrvusutpraemiumpromissum

242 2070 340 2101 indici
359 2070 507 2105 babcrct,
528 2070 746 2100 manumissus
764 2075 794 2100 ct
814 2070 854 2100 ob
872 2069 980 2100 scelus
1000 2069 1121 2110 proditi
1139 2067 1261 2099 domiui
1276 2068 1315 2098 de
1330 2078 1412 2098 saxo
1427 2067 1575 2099 deiectus
1588 2071 1653 2099 est.

242 2116 276 2146 (Σ.
298 2114 422 2147 Murius
442 2115 528 2145 lilius
547 2115 576 2145 in
597 2114 741 2145 :tsi-icam
759 2114 901 2145 traiecit.
933 2114 966 2143 (Σ.
985 2112 1108 2144 Marius
1129 2118 1221 2154 patcr
1238 2124 1309 2143 cum
1329 2112 1358 2143 in
1379 2112 1549 2154 paludibus
1568 2111 1654 2144 Min-

242 2160 447 2192 turnensium
468 2160 604 2197 lutcrct,
630 2164 801 2190 extractus
825 2163 874 2189 cst
896 2159 935 2189 ab
954 2158 1140 2200 oppidanis,
1164 2162 1194 2188 ct
1215 2169 1285 2188 cum
1306 2158 1426 2189 missus
1444 2158 1482 2188 nd
1502 2157 1654 2189 occiden-

241 2207 314 2237 dum
333 2216 404 2236 cum
423 2215 558 2244 sci-5115,
584 2205 714 2235 uationc
733 2203 867 2236 Gallns.
894 2203 1065 2234 maiestate
1085 2203 1169 2234 tanti
1190 2203 1254 2233 viri
1274 2203 1473 2245 perterritus
1491 2202 1652 2234 recessis—

244 2256 305 2285 sct,
325 2250 487 2292 inpositus
507 2249 634 2291 publice
650 2260 704 2279 uax
718 2249 724 2279 i
739 2250 869 2279 ‹iz-tatus
889 2255 936 2280 cst
959 2249 988 2279 in
1009 2249 1165 2279 All-icam.
1195 2248 1229 2279 L.
1246 2248 1341 2291 Sylla
1361 2247 1509 2279 civitatis
1527 2252 1651 2279 statum

243 2295 426 2327 oraim-nit:
457 2295 575 2326 cxiudc
599 2295 745 2325 colonias
768 2294 913 2325 deduxit.
949 2296 985 2336 Q
1009 2293 1178 2335 l'ompcius
1203 2293 1337 2329 cmmul,
1362 2293 1400 2324 ud
1425 2292 1651 2335 accipiendum

243 2352 259 2372 a
285 2342 342 2372 (In.
370 2340 520 2383 l'ompcio
547 2340 739 2381 proconsulc
763 2340 945 2370 cxci-citum
972 2339 1155 2380 proli-ctus,
1180 2337 1318 2369 consilio
1342 2337 1412 2369 eius
1437 2337 1564 2369 occisus
1588 2341 1650 2369 est.

245 2386 467 2418 Mithridates.
489 2385 580 2416 l'onti
601 2395 670 2420 rex.
691 2385 781 2426 nith>
794 2385 843 2415 nia
860 2389 889 2415 ct
906 2384 1111 2426 (lappadocia
1127 2383 1294 2424 occupatis
1313 2387 1342 2413 ct
1365 2383 1457 2424 pitlso
1478 2380 1532 2414 Μ’.
1549 2381 1652 2424 Aqui-

245 2432 288 2462 lio
319 2432 426 2469 legato
459 2430 651 2473 Phrygiam,
686 2429 887 2472 prouinciam
919 2430 1025 2471 populi
1058 2428 1209 2463 llmuani,
1243 2439 1315 2459 cum
1345 2427 1469 2468 ingenti
1498 2426 1651 2459 exercitu

243 2477 380 2508 intravit

772 2554 828 2586 EX
851 2554 923 2585 ΜΗ.
944 2553 1123 2586 ΙιΧΧΥΙΙΙ.

338 2610 547 2641 winbrunno-s
566 2610 676 2640 Asiam
696 2609 887 2650 occupmit.
908 2610 943 2649 Q.
965 2609 1101 2649 (lppium
1121 2605 1367 2648 proconsulem,
1386 2605 1463 2637 item
1482 2603 1647 2647 Aquilium
