1712 2825
206 191 229 230 3
237 192 255 229 1
263 192 287 229 4
432 187 676 221 PERIOCHAE
700 187 920 221 LIBRORUM
946 187 1119 220 CXXXIII
1126 207 1159 210 -—
1167 187 1373 220 CXXXXII.

205 295 312 323 morte
335 288 506 329 defuncta,
531 290 565 321 in
582 289 696 321 urbem
713 299 870 322 reversus
886 293 957 320 tres
976 288 1159 330 triumphos
1177 289 1262 330 egit,
1279 299 1378 321 unum
1395 299 1437 320 ex
1454 288 1604 333 Illyrico,

206 336 349 367 alterum
367 345 408 366 ex
427 335 568 366 Actiaca
585 335 748 374 victoria,
771 335 908 366 tertium
925 335 964 365 de
983 333 1178 375 Cleopatra,
1202 334 1347 377 inposito
1365 333 1429 366 fine
1447 335 1606 367 civilibus

205 380 304 412 bellis
328 380 434 412 altero
459 384 492 412 et
515 380 675 411 vicesimo
699 390 795 411 anno.
829 379 874 411 M.
898 378 1061 420 Lepidus,
1085 377 1219 421 Lepidi,
1238 379 1293 421 qui
1310 379 1468 411 triumvir
1485 378 1604 420 fuerat,

204 425 311 466 filius,
336 425 568 457 coniuratione
593 425 754 457 adversus
772 423 947 456 Caesarem
971 422 1058 455 facta
1081 423 1205 455 bellum
1222 423 1362 456 moliens
1380 435 1556 467 oppressus
1572 429 1606 457 et

204 471 334 503 occisus
352 475 412 502 est.

721 559 782 591 EX
800 558 876 591 LIB.
894 558 1093 591 CXXXIIII.

292 616 326 648 C.
354 615 479 647 Caesar
504 615 603 646 rebus
628 613 812 656 conpositis
836 617 869 643 et
893 613 1043 645 omnibus
1066 614 1250 655 provinciis
1275 614 1309 645 in
1326 619 1450 645 certam
1468 613 1605 647 formam

206 661 349 693 redactis
367 674 382 690 *
399 674 414 690 ,ι
432 659 603 701 Augustus
622 669 748 700 quoque
772 658 1022 698 cognominatus
1049 663 1116 698 est,
1142 663 1175 690 et
1194 659 1317 690 mensis
1335 658 1476 691 Sextilis
1494 660 1527 691 in
1544 661 1604 691 ho-

206 716 319 738 norem
342 705 414 737 eius
441 705 627 747 appellatus
655 708 715 735 est.
758 713 828 734 eum
853 702 911 733 ille
929 717 943 733 *
961 716 976 733 *
995 708 1193 735 conventum
1211 704 1367 736 Narbone
1390 705 1468 745 egit.
1486 714 1604 737 census

205 762 223 783 a
239 751 348 783 tribus
367 749 501 786 Galliis,
521 760 600 792 quas
616 748 738 780 Caesar
756 753 849 790 pater
866 748 1006 787 vicerat,
1024 753 1128 780 actus.
1158 749 1281 780 bellum
1297 749 1458 781 adversus
1471 749 1606 782 Baster-

205 806 263 828 nas
280 800 313 827 et
331 795 463 827 Moesos
481 799 514 826 et
532 795 617 826 alias
634 798 748 835 gentes
768 803 785 824 a
804 792 846 823 M.
867 792 989 824 Crasso
1003 796 1141 835 gestum
1160 808 1175 824 »ε
1193 808 1208 824 *
1221 792 1424 826 referuntur.

727 883 790 914 EX
806 883 883 915 LIB.
902 882 1075 915 CXXXV.

290 940 415 971 Bellum
433 949 450 970 a
469 938 511 970 M.
533 938 656 969 Crasso
676 937 838 968 adversus
856 935 1002 968 Thracas
1020 941 1053 968 et
1070 947 1087 968 a
1106 937 1248 970 Caesare
1263 939 1424 971 adversus
1439 939 1602 982 Hispanos

200 990 326 1027 gestum
345 983 504 1023 refertur,
523 988 555 1015 et
573 982 712 1021 Salassi,
729 992 808 1023 gens
827 980 958 1022 Alpina,
977 982 1164 1022 perdomiti.

291 1029 481 1070 [Librorum
501 1027 677 1060 CXXXVI
695 1030 728 1058 et
746 1026 935 1059 CXXXVII
949 1027 1129 1069 periochae
1146 1026 1292 1068 desunt]

706 1118 768 1150 EX
786 1117 861 1148 LIB.
880 1117 1097 1150 CXXXVIII.

289 1174 416 1206 Raetia
431 1172 482 1204 Ti.
505 1173 639 1205 Nerone
660 1176 693 1203 et
711 1172 819 1203 Druso
839 1171 992 1202 Caesaris
1010 1172 1175 1213 privignis
1193 1173 1321 1204 domiti.
1356 1172 1502 1215 Agrippa
1521 1173 1602 1206 Cae-

198 1220 284 1252 saris
303 1229 403 1261 gener
421 1223 581 1250 mortuus.
616 1228 633 1249 a
651 1217 758 1248 Druso
778 1227 895 1248 census
913 1221 1006 1247 aetus
1024 1222 1085 1248 est.

696 1308 755 1339 EX
773 1307 850 1339 LIB.
871 1307 1100 1341 cxxxvllll.

288 1365 454 1395 Civitates
464 1362 664 1394 Germaniae
679 1363 728 1393 eis
738 1361 883 1393 Rhenum
898 1367 931 1393 et
945 1367 1038 1393 trans
1048 1362 1193 1394 Rhenum
1203 1363 1332 1405 positae
1346 1368 1602 1406 oppugnantura

198 1410 319 1449 Druso,
338 1414 369 1440 et
387 1408 559 1447 tumultus,
578 1408 632 1449 qui
649 1408 689 1438 ob
707 1417 839 1437 censum
858 1411 996 1438 exortus
1017 1408 1047 1439 in
1067 1406 1177 1438 Gallia
1196 1413 1279 1447 erat,
1300 1408 1508 1449 eonponitur.
1542 1418 1600 1440 ara

199 1455 267 1486 divi
286 1454 442 1485 Caesaris
464 1453 502 1484 ad
528 1454 743 1483 eonssuenteni
761 1451 879 1483 Araris
903 1456 936 1483 et
955 1451 1101 1483 Rhodani
1120 1452 1270 1484 dedicata
1287 1454 1462 1484 sacerdote
1486 1457 1600 1485 creato

201 1500 235 1531 C.
254 1499 337 1531 lulio
356 1497 674 1530 Vereondaridubno
693 1497 819 1529 Aeduo.

720 1588 781 1619 Ex
800 1586 875 1619 Llss,
895 1587 1074 1619 CXXXX.

288 1642 436 1674 Thraces
455 1642 573 1673 domiti
592 1652 609 1672 a
629 1640 665 1671 L.
685 1641 816 1679 Pisone,
836 1641 912 1672 item
932 1641 1101 1678 Cherusei,
1120 1641 1289 1679 'sent-teri,
1308 1642 1431 1673 Chauci
1448 1642 1598 1685 aliaeque

199 1688 436 1720 Germanorum
462 1692 555 1718 trans
582 1686 725 1717 Rhenum
750 1691 864 1727 gentes
889 1686 1044 1717 subactae
1062 1698 1078 1718 a
1098 1687 1205 1718 Druso
1225 1686 1424 1719 reseruntur.
1457 1687 1597 1719 Octavia

198 1744 294 1765 soror
319 1733 461 1773 Augusti
489 1731 642 1763 defuneta
667 1736 742 1762 ante
767 1731 888 1762 amisso
915 1731 982 1762 tilio
1009 1731 1051 1763 Μ.
1078 1732 1256 1769 Marcello,
1281 1733 1374 1764 euius
1399 1732 1598 1764 monimenta

196 1784 273 1811 sunt
289 1779 454 1809 theatrum
473 1782 506 1808 et
524 1777 672 1818 portieus
692 1777 821 1807 nomine
840 1777 910 1807 eius
928 1776 1048 1808 diruta.

713 1867 771 1899 EX
792 1867 868 1899 Ltss.
887 1867 1079 1899 CXXXXI.

287 1923 408 1954 Bellum
428 1923 588 1953 adversus
608 1922 865 1953 transrhenanus
883 1926 997 1959 gentes
1012 1932 1028 1952 a
1047 1922 1153 1952 Druso
1167 1926 1294 1961 gestum
1310 1920 1467 1960 refertur,
1487 1922 1518 1953 in
1534 1932 1596 1964 quo

201 1968 287 1998 inter
312 1968 473 2009 primores
501 1972 728 2008 pugnaverunt
752 1966 998 1997 Chumstinrtus
1024 1971 1055 1996 et
1075 1965 1234 1997 Aves-tius
1254 1966 1379 1997 tribuni
1397 1976 1437 1997 ex
1456 1967 1596 1998 civitate

199 2012 410 2043 Nerviorum.
448 2012 614 2042 Dalmatas
633 2017 663 2042 et
685 2011 869 2041 Pannonios
891 2010 992 2051 Nero,
1012 2011 1116 2042 frater
1136 2011 1245 2045 Drusi,
1263 2011 1404 2050 subegit.
1438 2021 1499 2052 pux
1523 2021 1595 2042 eum

200 2056 330 2087 Parthis
350 2056 432 2086 saeta
453 2061 501 2086 est
522 2057 626 2094 signis
645 2067 661 2086 a
683 2066 759 2095 rege
777 2066 901 2095 eornm,
920 2066 1000 2096 quiae
1019 2056 1078 2085 suh
1098 2056 1218 2086 Crasso
1238 2060 1268 2085 et
1289 2060 1401 2096 postea
1417 2056 1475 2086 sub
1491 2054 1595 2087 Anto-

199 2101 252 2132 nio
271 2106 364 2143 raptu
384 2105 487 2141 erant,
508 2101 658 2131 redditis.

708 2190 764 2220 Ex
782 2189 858 2220 Lm.
878 2189 1081 2220 cxxxxii.

287 2244 408 2276 Bellum
427 2244 588 2275 adversus
608 2242 846 2273 Germanorum
867 2247 958 2273 1¹·ans
978 2242 1120 2274 liin-nuni
1136 2244 1293 2275 eivitates
1307 2248 1434 2284 gestum
1453 2254 1471 2276 u
1486 2245 1593 2277 Druso

201 2287 356 2321 refertur.
403 2290 471 2331 ipse
507 2299 544 2319 ex
573 2288 716 2319 frat-tura
742 2299 823 2329 equo
849 2299 946 2329 snper
971 2299 1046 2318 erus
1070 2289 1141 2319 eins
1159 2290 1316 2330 ronlapso
1335 2289 1505 2321 tricesimo
1528 2289 1593 2329 die,

199 2344 292 2375 quain
318 2334 347 2364 id
372 2335 557 2371 arrideret,
584 2338 742 2364 mortuns.
778 2343 897 2373 eorpus
923 2344 938 2363 n
967 2333 1095 2363 Nerone
1116 2333 1236 2375 fratre,
1259 2334 1311 2375 qui
1332 2334 1445 2365 nuntio
1465 2334 1592 2366 valetu-

198 2378 284 2409 dinis
309 2383 467 2409 evm-ntus
494 2379 611 2420 raptim
638 2378 828 2408 ndeurrernt
842 2402 848 2411 ,
876 2377 1006 2408 Romani
1027 2384 1215 2419 pervertunt
1234 2383 1262 2409 et
1285 2379 1316 2409 in
1335 2379 1459 2410 tutnuio
1477 2379 1511 2410 C.
1532 2378 1591 2410 iuli

197 2424 412 2455 reconditum.
447 2424 596 2454 laudatus
615 2428 661 2453 est
682 2434 698 2452 n
718 2424 859 2453 Caesare
880 2423 1028 2461 Angusto
1050 2423 1183 2458 viti-iro,
1201 2428 1231 2454 et
1251 2424 1413 2465 supremis
1431 2424 1502 2455 eius
1520 2423 1593 2464 plu-

196 2477 248 2498 res
267 2468 408 2499 honores
426 2469 505 2499 «lati.
