1638 2825
22 198 48 217 Δ.
69 189 123 217 ch.
145 189 205 215 186.

135 281 191 322 Ad
224 281 317 320 haec
347 279 473 320 officia
501 279 674 319 dimissis
702 278 990 330 magistratibus
1022 281 1205 321 consules
1236 281 1276 320 in
1303 285 1432 320 rostra
1459 279 1512 317 15

457 176 583 209 LIBER
602 175 769 209 xxxix.
817 175 911 209 cAP.
940 176 992 209 15.
1380 178 1434 217 27

23 338 300 384 escenderunt,
327 341 364 376 et
389 336 572 376 contione
593 337 777 377 advocata
799 348 887 375 cum
909 335 1097 375 sollemne
1120 349 1274 378 carmen
1295 349 1433 389 preca-

21 395 158 442 tionis,
194 393 298 445 quod
333 393 499 445 praefari
535 393 661 433 solent
693 393 921 446 priusquam
958 393 1150 444 populum
1178 396 1436 446 adloquantur

21 451 288 502 magistratus,
314 450 529 501 peregisset
549 451 705 498 consul,
732 450 784 489 ita
805 449 944 500 coepit.
986 450 1103 496 „nulli
1125 463 1310 503 umquam
1334 463 1434 489 con-
1463 456 1482 489 2

21 507 136 554 tioni,
166 506 355 557 Quirites,
382 511 461 546 tam
489 518 570 545 non
592 508 719 547 solum
742 512 848 558 apta,
877 506 945 545 sed
966 506 1080 546 etiam
1103 509 1321 547 necessaria
1342 508 1436 547 haec

21 564 221 604 sollemnis
244 564 404 603 deorum
429 565 691 615 comprecatio
712 563 795 609 fuit,
816 575 913 614 quae
929 575 998 601 vos
1015 563 1243 604 admoneret
1258 565 1332 604 hos
1350 576 1437 603 esse

21 620 127 669 deos,
145 632 246 672 quos
262 620 400 667 colere,
413 621 587 660 venerari
603 622 828 672 precarique
845 619 1012 658 maiores
1027 621 1144 660 vestri
1161 621 1434 667 instituissent,

20 688 101 716 non
122 676 224 724 illos,
246 677 310 729 qui
331 676 461 729 pravis
483 683 520 716 et
541 679 710 717 externis
732 676 983 728 religionibus
1007 682 1137 728 captas
1159 684 1311 718 mentes
1332 677 1434 717 velut
1463 688 1482 720 3

19 733 222 773 furialibus
250 733 418 773 stimulis
449 733 496 773 ad
524 746 640 774 omne
669 735 796 775 scelus
819 738 857 773 et
876 733 921 772 ad
946 746 1103 772 omnem
1123 734 1320 774 libidinem
1344 747 1434 786 age-
1485 736 1489 738 ’

21 795 120 830 rent.
160 790 337 842 equidem
359 802 430 830 nec
451 790 543 841 quid
564 797 710 831 taceam
733 804 805 831 nec
825 794 1015 842 quatenus
1037 791 1249 843 proloquar
1265 791 1433 831 invenio.
1463 800 1485 832 4

21 847 56 886 si
75 847 215 899 aliquid
237 846 482 898 ignorabitis,
510 859 559 886 ne
579 848 708 888 locum
731 847 995 899 neglegentiae
1016 847 1125 894 dem,
1152 849 1185 888 si
1208 849 1338 888 omnia
1358 860 1434 887 nu-

21 903 181 951 davero,
208 915 258 943 ne
278 903 442 943 nimium
463 905 625 944 terroris
650 905 862 944 obfundam
884 903 1016 950 vobis,
1045 917 1194 945 vereor.

1249 904 1434 957 quidquid
1464 914 1483 946 5

22 960 174 1008 dixero,
210 960 340 1000 minus
373 973 489 1012 quam
519 974 591 1013 pro
621 962 820 1002 atrocitate
848 965 886 999 et
911 961 1175 1011 magnitudine
1201 962 1257 1001 rei
1288 963 1435 1002 dictum

21 1017 160 1057 scitote
188 1029 291 1066 esse3
327 1023 370 1057 ut
396 1018 443 1057 ad
470 1019 684 1058 cavendum
713 1018 806 1058 satis
837 1017 904 1063 sit,
942 1017 1094 1057 dabitur
1122 1031 1240 1070 opera
1267 1032 1286 1058 a
1307 1018 1434 1058 nobis.

20 1074 271 1114 Bacchanalia
306 1079 387 1114 tota
422 1074 499 1113 iam
536 1076 688 1127 pridem
721 1075 826 1115 Italia
863 1080 901 1113 et
935 1086 1040 1113 nunc
1067 1088 1137 1126 per
1159 1076 1293 1115 urbem
1316 1076 1432 1115 etiam
1463 1085 1483 1117 6

21 1165 133 1196 wiibnt
149 1165 214 1197 und
232 1165 385 1197 scheinen
404 1176 466 1196 nur
480 1165 510 1196 in
524 1165 689 1198 besonde-

21 1220 79 1242 ren
98 1209 215 1242 Fiillen
235 1211 295 1241 den
315 1212 483 1243 triumviri
499 1211 549 1242 als
564 1210 689 1243 Gehiil-

20 1254 74 1286 fen
94 1255 294 1296 beigegeben
313 1267 353 1287 zu
372 1256 453 1296 sein,
472 1266 498 1287 S.
515 1256 641 1288 Becker
658 1256 688 1297 2,

22 1299 53 1340 2,
72 1299 155 1338 363;
175 1299 286 1340 Lange
307 1300 335 1341 1,
355 1300 437 1338 6523
458 1301 524 1341 vgl.
539 1303 620 1333 auch
635 1301 689 1341 25,

22 1345 58 1385 73
76 1345 197 1377 anders
211 1346 336 1388 spater,
354 1356 379 1377 s.
395 1345 521 1386 Digest.
541 1346 567 1388 1,
586 1346 616 1388 2,
629 1345 689 1378 31:

20 1392 98 1433 quia
114 1392 375 1433 magistratibus
392 1393 593 1434 vespertinis
607 1395 689 1424 tem-

18 1438 159 1479 poribus
176 1438 210 1468 in
223 1437 353 1479 publico
368 1447 442 1469 esse
454 1439 690 1470 inconveniens

21 1484 103 1524 erat,
121 1483 332 1525 quinqueviri
347 1484 527 1515 constituti
541 1485 623 1515 sunt
642 1485 690 1515 cis

25 1525 172 1560 Tiberim
185 1530 218 1559 et
225 1528 315 1560 ultra
327 1526 481 1569 Tiberim,
495 1530 554 1571 qui
556 1531 690 1572 possint

18 1583 82 1616 pro
99 1574 499 1615 maffistv·alz‘bussuugi;
520 1575 599 1606 nach
618 1574 689 1605 die-

22 1627 88 1657 ser,
101 1617 208 1650 Stelle
231 1629 335 1651 verm.
354 1619 492 1651 Crevier
513 1619 566 1652 uls
589 1622 622 1651 et
642 1621 690 1651 cis

21 1667 106 1695 statt
121 1665 172 1696 uti
190 1664 246 1695 cis.
263 1681 308 1687 —
324 1675 408 1696 suae
424 1675 453 1706 q.
468 1675 540 1707 reg.
556 1665 615 1696 der
627 1665 691 1696 ihm

22 1708 288 1784 αἵξενῆἰεερηεη,
309 1713 404 1784 sons}
421 1709 689 1786 isg3die183tadtin

23 1762 37 1782 x
81 1763 96 1784 r
149 1763 287 1793 egionen
335 1763 362 1784 s.
414 1778 422 1794 ‚
627 1765 690 1786 von

23 1796 72 1829 Au
100 1802 194 1830 ustus
212 1798 243 1829 in
266 1778 305 1829 14²
321 1799 472 1838 getheilt.
500 1779 508 1795 ’
588 1780 596 1795 '

73 1807 140 1876 55.
178 1843 205 1874 1.
245 1843 416 1884 consules,
449 1844 597 1885 obgleich
631 1856 693 1877 nur

22 1889 115 1922 einer
131 1888 190 1920 der
206 1887 349 1920 Consuln
369 1890 504 1931 spricbt,
523 1900 559 1921 so
573 1891 691 1922 stehen

22 1935 103 1967 doch
127 1933 221 1965 beide
238 1933 296 1965 aul*
309 1934 370 1966 den
389 1939 514 1976 rostra,
542 1945 568 1967 s.
587 1935 617 1974 8,
635 1935 688 1974 33,

21 1979 53 2013 9.
66 1997 110 2002 —
123 1978 358 2021 adloquantur,
371 1990 398 2011 s.
416 1980 444 2017 1,
463 1980 510 2021 17,
525 1980 561 2012 9:
575 1982 691 2024 prius-

20 2026 276 2068 quam—incat3
296 2024 349 2065 22,
363 2025 415 2067 39,
428 2025 468 2066 63
487 2025 540 2067 23,
556 2026 586 2066 3,
603 2026 640 2066 (33
657 2026 688 2068 3,

23 2070 76 2109 53,
96 2070 112 2101 ’ἲ
133 2081 163 2102 ιι.
181 2080 210 2101 a.
232 2089 276 2094 —
299 2071 371 2103 soll.
389 2081 523 2103 carmen
539 2083 612 2115 μη,
635 2073 688 2104 ein

22 2113 227 2156 feierliches,
253 2116 417 2157 jedesmal
443 2118 687 2159 gesprochencs

23 2160 143 2197 Gebet.
168 2161 198 2192 in
223 2161 379 2193 welchem
405 2163 484 2194 nach
509 2162 530 2204 ξ
555 2163 573 2194 2
597 2165 688 2195 ineh-

23 2216 98 2238 rere
117 2205 238 2238 Giittex·
253 2206 432 2247 angerufen
448 2209 596 2250 wurdcn,
615 2220 640 2240 s.
657 2209 687 2249 6,

22 2251 81 2291 35,
108 2251 143 2290 7;
170 2250 251 2283 Plin.
279 2252 396 2293 Paneg.
419 2253 478 2284 63:
503 2265 689 2298 perpessus

21 2307 56 2329 es
78 2296 215 2339 longum
239 2296 321 2329 illud
339 2309 475 2330 carmen
494 2301 688 2332 comitio-

21 2352 118 2382 rum,
138 2341 223 2373 Geli.
245 2342 292 2383 13,
309 2342 361 2384 23,
377 2344 521 2376 welches
538 2356 600 2376 von
616 2346 688 2378 dem

20 2397 82 2419 vor
94 2387 154 2419 den
166 2387 347 2419 Contioncn
363 2391 609 2431 gcsprochencn
623 2391 688 2422 wol

22 2432 110 2465 nicht
138 2434 332 2465 wesentlich
364 2435 578 2467 verschieden
606 2447 687 2477 war,

22 2488 48 2509 s.
66 2478 192 2510 Becker
206 2478 235 2518 2,
258 2479 284 2517 l,
304 2478 385 2518 3131,
406 2480 435 2519 2,
451 2480 481 2519 3,
497 2480 556 2519 933
579 2481 687 2521 [iunge

22 2522 54 2564 2,
67 2522 144 2555 604.
158 2541 197 2547 —
208 2525 403 2567 p1·a‹gfart'—
416 2536 507 2565 mag.
524 2527 594 2568 sol„
611 2528 687 2559 (lass

22 2578 58 2600 cs
76 2568 136 2600 dcr
152 2569 297 2610 pontifex
319 2581 421 2611 max„
446 2572 508 2603 wic
527 2573 560 2613 5,
585 2573 645 2611 41,
669 2573 687 2603 3

21 2622 54 2645 u.
67 2623 109 2654 a„
123 2624 148 2645 s.
161 2613 212 2656 22,
231 2615 256 2657 l,
270 2615 299 2658 G,
314 2618 579 2659 vorgesprochen
595 2618 688 2657 hnbe,

763 1167 808 1198 ist
826 1166 916 1197 nicht
933 1167 1146 1206 angedeutet,
1166 1178 1191 1199 s.
1213 1167 1278 1199 Cic.
1300 1167 1384 1199 Mur.
1407 1167 1435 1208 1,

766 1211 798 1242 l:
830 1221 914 1252 quae
935 1214 1096 1253 precatus
1120 1223 1197 1244 sum
1222 1218 1306 1252 etc.,
1336 1222 1434 1244 weun

761 1257 843 1287 auch
868 1256 1004 1295 Augurn
1030 1256 1081 1288 bei
1105 1258 1165 1288 der
1184 1257 1358 1298 Handlung
1376 1269 1435 1289 zu-

762 1312 865 1341 gegen
887 1311 1018 1339 waren,
1045 1312 1071 1333 s.
1091 1302 1186 1333 Dion.
1207 1303 1279 1334 Hal.
1302 1303 1352 1342 10,
1372 1302 1433 1341 323

763 1347 824 1384 573
842 1345 974 1378 Preller
990 1346 1063 1378 125.
1082 1365 1119 1369 —
1139 1358 1269 1390 perega,
1289 1347 1314 1388 1,
1332 1347 1384 1388 24,
1404 1347 1436 1379 9.

807 1391 838 1423 2.
858 1394 937 1430 tam,
952 1391 1094 1432 absolut,
1111 1394 1173 1424 wie
1189 1392 1246 1432 oft,
1262 1393 1348 1424 kann
1365 1393 1436 1425 hier

763 1438 852 1469 nicht
878 1437 966 1468 wohl
990 1436 1116 1475 fehlen,
1146 1438 1297 1479 obgleich
1323 1449 1359 1470 es
1383 1439 1435 1470 die

764 1483 828 1515 Mz.
847 1482 903 1514 Hs.
920 1483 1008 1514 nicht
1022 1483 1095 1521 hat3
1113 1488 1271 1523 getrennt
1285 1494 1348 1515 von
1363 1484 1436 1515 dem

763 1528 918 1569 Adjectiv
936 1528 980 1559 ist
997 1538 1033 1559 es
1051 1529 1133 1559 auch
1153 1529 1188 1567 7,
1214 1528 1249 1567 8,
1268 1529 1307 1561 4:
1330 1540 1436 1571 neque

764 1577 833 1605 tam
862 1575 950 1605 vires
977 1584 1098 1617 parem
1134 1574 1193 1615 44,
1228 1574 1263 1615 6,
1295 1574 1331 1606 9:
1367 1578 1436 1607 tam

763 1621 885 1662 suapte
901 1621 1029 1651 natura
1045 1620 1205 1661 iqsestus,
1223 1620 1289 1660 vgl.
1309 1619 1361 1661 26,
1384 1619 1436 1661 18,

764 1665 801 1696 9:
829 1675 944 1696 onmes
961 1675 1027 1696 non
1045 1667 1217 1697 centuriae
1233 1665 1352 1703 merim
1380 1665 1434 1705 38,

764 1709 817 1749 32,
836 1709 856 1740 4
870 1721 899 1741 u.
914 1719 943 1741 a.
961 1728 1006 1732 —
1022 1720 1199 1754 compr-ec„
1219 1709 1305 1743 Gen.
1325 1711 1373 1752 13,
1393 1710 1434 1742 23

765 1754 850 1796 (22),
894 1755 926 1786 1;
967 1758 1254 1799 comprecationes
1292 1756 1436 1788 deorum

763 1799 1026 1838 immortalium,
1065 1812 1148 1842 quae
1181 1804 1250 1833 ritu
1283 1801 1434 1834 Romano

756 1845 861 1886 fiunt,
878 1847 1056 1888 appositae
1073 1848 1197 1878 suntin
1214 1846 1308 1878 libris
1322 1857 1439 1890 sacer:

764 1889 880 1921 (lotum
896 1901 928 1933 p.
944 1890 983 1922 R.
998 1909 1040 1913 —
1055 1891 1162 1923 colere
1175 1891 1363 1931 allgemein‚
1382 1903 1436 1924 ve-

762 1937 881 1967 ucrari
925 1936 1025 1967 durch
1069 1936 1259 1977 Gebcrden,
1301 1939 1438 1980 precari

763 1981 864 2012 durch
885 1980 1016 2021 &Vortffi
1043 1982 1108 2021 vgl.
1129 1981 1196 2014 Cic.
1217 1981 1256 2014 N.
1278 1982 1315 2013 D.
1336 1982 1361 2023 1,
1379 1982 1434 2024 42,

766 2026 843 2057 119:
886 2026 993 2058 colcrc
1032 2030 1168 2070 precari
1204 2029 1434 2070 venerarique,

762 2071 910 2103 diesclbc
937 2072 1188 2113 wortstellung
1213 2073 1315 2105 haben
1343 2075 1434 2105 meh—

763 2127 838 2148 rerc
857 2118 991 2159 spiitere
1010 2118 1084 2150 Hss.
1104 2129 1143 2149 an
1164 2129 1193 2149 u.
1209 2118 1258 2150 St.
1277 2137 1320 2142 —
1337 2121 1435 2151 insti-

763 2165 870 2203 miss„
885 2162 938 2194 fiir
951 2163 1002 2194 die
1018 2163 1207 2195 iill‘cntliche
1218 2163 1435 2205 Verehrung3

762 2209 814 2239 dic
835 2208 983 2249 Religion
1010 2209 1054 2240 ist
1073 2210 1146 2240 cine
1165 2208 1355 2241 Institution
1375 2211 1433 2241 dcs

762 2254 906 2285 stantes.
926 2272 970 2277 —
988 2257 1110 2293 ικιηέεικ,
1129 2265 1155 2286 s.
1174 2255 1224 2296 25,
1246 2255 1274 2294 l,
1297 2255 1353 2286 12:
1373 2267 1433 2287 er-

763 2302 858 2331 ierno
874 2302 953 2331 ritu.
973 2301 1196 2342 —s111·1'ulc'b.,
1216 2301 1267 2332 die
1288 2301 1433 2331 Einwir-

762 2345 850 2383 kung
867 2346 927 2376 der
941 2346 1002 2376 den
1020 2345 1116 2377 (lcist
1130 2346 1354 2378 bcthiircmlcn
1372 2345 1433 2376 nn-

762 2391 1015 2429 rhegiiliinncn,
1041 2390 1068 2428 1,
1088 2391 1141 2431 59,
1166 2391 1214 2423 123.
1234 2410 1276 2414 —-
1294 2392 1326 2421 si
1342 2391 1430 2431 aliq„

761 2435 815 2475 24,
834 2436 864 2469 ἢ,
889 2436 943 2474 15,
963 2436 1016 2474 42,
1035 2436 1086 2477 37,
1108 2437 1137 2468 2.
1157 2456 1194 2459 —
1217 2436 1357 2476 obsund.
1377 2436 1431 2475 2⁸3,

762 2482 814 2519 29,
833 2483 852 2512 ἒ)
876 2493 905 2514 u.
925 2492 954 2513 a.

806 2526 894 2559 (3-7.
921 2527 1082 2567 {ola-ll.,
1101 2527 1130 2557 in
1148 2526 1430 2565 Grossgriochon-

761 2572 852 2610 land,
872 2573 1053 2604 bes0n‹1‹·rs
1074 2573 1101 2603 in
1121 2571 1263 2611 Ίέιτυηῑ,
1289 2572 1318 2602 in
1335 2572 1429 2603 Cain—

762 2618 894 2659 panicn,
922 2618 1075 2649 Etrurii-n
1103 2627 1172 2648 war
1190 2617 1250 2649 der
1267 2617 1431 2649 Bacchus-
