1712 2825
209 225 291 265 280
695 223 733 255 T.
752 221 839 256 LIVI
863 221 1142 255 FRAGMENTA

776 359 834 391 Ex
851 359 923 392 lib,
943 358 1065 392 Cvlssl.

298 419 313 431 '³
330 415 386 457 32)
413 415 538 447 Caesar
553 415 725 447 Rubicone
748 416 880 447 flumine
904 419 1126 455 transmeato,
1153 425 1230 447 mox
1254 420 1291 447 ut
1308 415 1496 447 Ariminum
1511 417 1618 458 venit,

207 462 349 504 quinque
366 461 540 501 cohortes,
559 471 638 503 quas
654 466 734 492 tunc
751 461 842 492 solas
859 461 1020 499 habebat,
1040 470 1112 491 cum
1133 460 1268 502 quibus,
1286 465 1323 492 ut
1340 460 1388 492 ait
1405 459 1543 502 Livius,
1561 472 1619 494 or-

205 507 279 538 bem
294 511 463 538 terrarum
480 506 618 538 adortus
635 511 697 546 est,
715 506 793 548 quid
810 504 897 537 facto
917 515 999 547 opus
1017 509 1117 546 esset,
1136 505 1279 538 edocuit.
1316 505 1411 538 Oros.
1430 504 1486 546 Vl,
1508 506 1560 539 15.

788 585 846 617 Ex
863 585 931 617 lib.
951 584 1036 617 CXI.

298 641 313 655 ²*
331 638 387 678 33)
411 637 540 671 Primus
558 639 685 670 hostem
702 638 871 680 percussit
888 648 991 680 nuper
1008 638 1075 681 pilo
1092 643 1219 681 sumpto
1237 639 1345 681 primo
1364 638 1468 672 Gaius
1486 639 1619 673 Crasti-

207 693 278 715 nus.
309 682 418 715 Sclzol.
439 683 540 715 Voss.
558 682 690 715 Lucani
704 684 828 715 Plzars.
847 683 915 722 Vll,
935 683 1013 715 471.

297 727 353 768 34)
377 725 438 760 Ἐν
461 727 500 760 δὲ
520 730 695 770 Παταβίῳ
720 725 831 764 Γάιος
854 725 1078 774 Κορνήλιος,
1103 724 1194 771 ἀνὴρ
1219 726 1418 772 εὐδόκιμος
1439 727 1501 761 ἐπὶ
1522 741 1618 773 μαν-

206 773 302 813 τικῆ,
327 774 470 813 Λιβίου
491 774 559 804 τοῦ
578 774 822 816 συγγραφέως
846 774 999 814 πολίτης
1015 773 1074 804 καὶ
1097 770 1302 819 γνώριμος,
1327 771 1526 817 ἐτύγχανεν
1549 772 1614 807 ἐπ’

207 808 355 853 οἰωνοῖς
376 814 587 859 καθήμενος
609 816 751 857 ἐκείνην
775 815 840 858 τὴν
862 815 1013 863 ἡμέραν.
1048 820 1108 849 καὶ
1134 819 1285 861 πρῶτον
1301 819 1393 871 μέν,
1418 815 1465 854 ὡς
1481 816 1619 862 Λίβιός

207 871 318 907 φησι,
341 861 408 894 τὸν
423 864 556 904 καιρὸν
573 862 666 905 ἔγνω
684 863 745 902 τῆς
766 859 888 905 μάχης
905 864 964 894 καὶ
983 862 1079 905 πρὸς
1096 860 1180 898 τοὺς
1208 874 1398 906 παροντας
1414 861 1533 907 εἶπεν,
1559 860 1617 897 ὅτι

206 906 266 938 καὶ
290 903 336 958 δὴ
361 909 576 950 περαίνεται
598 905 638 939 τὸ
652 907 782 950 χρῆμα
809 909 869 939 καὶ
889 909 1061 939 συνίασιν
1079 908 1129 943 εἰς
1148 906 1257 951 ἔργον
1276 908 1313 939 οἱ
1330 905 1474 951 ἄνδρες.
1508 902 1620 946 αὖθις

207 949 248 983 δὲ
266 962 362 994 προς
378 953 420 995 τῇ
438 951 509 993 θέᾳ
531 949 750 994 γενόμενος,
775 952 834 994 {ab
857 950 898 983 τὰ
927 953 1061 994 σημεῖα
1085 950 1247 984 κατιδών
1269 950 1428 992 ἀνήλατο
1452 951 1535 996 μετ’
1562 953 1618 987 ἐν·

207 996 450 1039 θουσιασμοῡ
467 997 567 1037 βοῶν
584 1021 605 1035 „
617 997 746 1038 Νικᾷς,
766 996 793 1038 ᾠ
812 998 997 1040 Καῖσαρ“·.
1032 996 1289 1040 ἐκπλαγέντων
1306 996 1345 1029 δὲ
1363 997 1436 1030 τῶν
1453 1009 1618 1042 παρατυ-

201 1037 351 1084 χόντων
374 1039 553 1086 περιελὼν
576 1039 641 1074 τὸν
659 1042 846 1084 στέφανον
869 1038 946 1073 ἀπὸ
971 1041 1032 1081 τῆς
1055 1042 1216 1086 κεφαλῆς
1239 1041 1434 1085 ἐνωμότως
1450 1041 1538 1086 ἔφη,
1561 1042 1615 1087 μὴ

207 1085 298 1134 πρὶν
315 1084 572 1129 ἐπιθήσεσθαι
587 1084 713 1127 πάλιν,
734 1085 751 1127 ἢ
770 1087 813 1131 τῇ
830 1087 938 1132 τέχνῃ
955 1088 1191 1130 μαρτυρῆσαι
1205 1085 1245 1118 τὸ
1265 1085 1385 1130 ἔργον.
1418 1088 1532 1120 ταῦτα
1547 1087 1618 1133 μὲν

207 1134 274 1163 οὑν
291 1127 310 1163 ὁ
328 1133 466 1173 Λίβιος
483 1127 578 1164 οὕτω
595 1133 774 1175 γενέσθαι
792 1133 1106 1173 καταβεβαιοῦται.
1141 1131 1316 1164 Plutarch.
1337 1131 1431 1164 Caes.
1449 1143 1477 1164 c.
1495 1133 1550 1165 47.

784 1211 842 1244 Ex
860 1211 928 1244 lib.
947 1211 1046 1244 CXII.

300 1266 312 1280 *
331 1266 387 1305 35)
412 1264 558 1304 Interea,
582 1265 671 1297 sicut
686 1265 774 1297 dixit
792 1265 928 1305 Livius,
952 1276 1130 1308 oppressus
1149 1271 1200 1299 est
1217 1265 1349 1298 Tubero
1367 1271 1400 1298 et
1417 1265 1540 1307 Pansa3
1565 1266 1617 1300 su-

205 1315 327 1352 gerunt
344 1310 384 1342 ad
398 1309 600 1352 Pompeium,
619 1321 692 1342 eum
709 1315 961 1353 quaererentur.
994 1312 1082 1343 luter
1099 1312 1157 1343 has
1175 1321 1286 1344 moras
1304 1312 1501 1354 supervenit
1514 1311 1616 1345 Curio

207 1357 247 1388 ad
263 1354 424 1388 Africam.
455 1355 564 1387 Selzol.
586 1354 726 1388 Gronov.
745 1357 779 1387 in
799 1355 864 1387 Cic.
880 1366 944 1399 pro
962 1355 1036 1398 Lz'g.
1056 1356 1108 1388 ed.
1131 1356 1227 1389 Orell.
1245 1367 1279 1400 p.
1299 1357 1376 1389 415.

297 1410 351 1451 36)
370 1402 501 1440 Castra
513 1413 668 1452 quoque
678 1402 836 1440 diversis
846 1403 1017 1454 partibus
1029 1403 1182 1441 Cassius
1192 1403 1369 1454 etBogud
1381 1402 1505 1442 adorti
1513 1403 1616 1443 haud

207 1458 375 1497 multum
397 1457 540 1504 afuere,
564 1458 658 1508 quin
682 1470 795 1509 opera
813 1464 1123 1509 perrumperent.
1147 1468 1313 1498 Priscian.
1335 1465 1377 1498 VI
1392 1465 1413 1508 ξ
1431 1466 1473 1498 22
1486 1477 1523 1510 p.
1537 1467 1614 1500 686.

297 1523 352 1564 37)
389 1514 474 1560 Quo
497 1518 672 1565 tempore
694 1514 872 1553 firmandi
892 1515 998 1566 regni
1015 1515 1182 1566 Bogudis
1204 1528 1318 1555 eausa
1334 1516 1548 1556 exercitum
1570 1517 1610 1556 in

204 1570 372 1609 Africam
394 1569 557 1609 traicere
578 1575 740 1609 conatus
761 1571 823 1609 sit.
866 1580 1034 1611 Priscian.
1052 1578 1130 1611 ibid.

296 1636 352 1677 38)
389 1626 542 1665 Cassius
578 1627 760 1677 gessisset
794 1639 883 1666 cum
913 1627 1106 1667 Trebonio
1142 1628 1305 1674 bellum,
1343 1628 1376 1667 si
1412 1628 1610 1681 Bogudem

203 1683 357 1722 trahere
378 1683 417 1721 in
438 1683 663 1722 societatem
685 1683 826 1722 furoris
849 1684 1049 1735 potuisset.
1092 1692 1261 1724 Priscian.
1279 1691 1359 1724 ibid.

296 1737 350 1778 39)
378 1737 511 1778 Legati,
530 1749 611 1780 quos
632 1749 691 1770 rex
710 1739 858 1779 miserat,
875 1740 938 1770 duo
957 1739 1101 1779 fuerunt,
1120 1750 1258 1782 quorum
1276 1750 1359 1771 unus
1377 1745 1450 1772 erat
1467 1740 1611 1773 Diosco-

204 1783 294 1816 rides
313 1787 346 1815 et
363 1783 449 1815 alter
467 1783 616 1825 Serapio.
652 1783 702 1815 Ex
726 1784 778 1815 his
803 1795 885 1815 unus
903 1785 1034 1816 occisus
1053 1789 1119 1821 est,
1144 1790 1180 1817 ut
1198 1785 1295 1816 Titus
1315 1784 1433 1817 Livius
1458 1786 1608 1818 meminit

204 1829 293 1860 libro
312 1832 430 1871 quarto
451 1829 544 1867 (belli
562 1829 698 1866 civilis).
734 1829 835 1861 schol.
854 1830 965 1861 Ber-ol.
985 1829 1031 1867 (ἲ,
1051 1830 1150 1862 l'oss.
1168 1829 1300 1862 Lucani
1315 1831 1437 1862 Phar-s.
1456 1830 1499 1872 X,
1519 1831 1598 1864 471.

295 1873 350 1913 40)
376 1874 520 1905 Arsinoe
549 1885 647 1905 soror
676 1873 857 1906 Ptolemaei
887 1873 968 1911 fuit;
1000 1876 1082 1906 hanc
1107 1874 1317 1918 Ganymedes
1347 1876 1479 1918 quidam
1509 1876 1611 1919 spado

203 1918 333 1961 puellae
351 1919 603 1960 acceptissimus
624 1920 655 1951 in
674 1924 785 1951 castra
805 1920 957 1951 Achillae
975 1921 1142 1962 perduxit,
1161 1921 1255 1952 cuius
1274 1921 1367 1952 iussu
1386 1920 1537 1953 Achillas
1555 1931 1612 1953 oc-

204 1964 294 1995 cisus
319 1969 420 1995 estet
444 1964 612 1996 exerc-itui
639 1965 849 2007 praepositus
868 1964 1089 2008 Ganymedes.
1122 1966 1207 1996 hunc
1232 1971 1346 2008 postea
1365 1965 1489 1998 Caesar
1506 1966 1609 1998 victis

204 2007 381 2051 Aegyptiis
400 2009 431 2040 in
446 2010 611 2050 triumpho
626 2010 733 2050 duxit,
753 2016 789 2042 ut
804 2011 951 2042 meminit
967 2010 1082 2042 Livius
1103 2011 1134 2041 in
1149 2010 1236 2042 libro
1252 2015 1369 2052 quarto
1384 2011 1497 2042 civilis
1515 2010 1608 2043 belli.

202 2053 303 2084 schol.
323 2053 432 2084 Berol.
453 2054 502 2094 (ἶ,
530 2054 630 2086 l'oss.
650 2055 710 2096 (cf.
733 2054 860 2096 Guelf.)
879 2055 959 2087 ibid.
979 2066 1006 2087 r.
1026 2055 1101 2095 521,
1119 2056 1166 2096 cf.
1186 2055 1287 2086 sehol.
1310 2055 1454 2087 l'ratisl.
1475 2055 1509 2087 C.
1527 2055 1607 2088 ibid.

205 2108 233 2130 v.
253 2098 328 2129 519.

295 2144 308 2157 ⁸
327 2142 381 2177 41)
408 2143 657 2183 Quadringenta
675 2144 766 2174 milia
786 2144 946 2175 librorum
966 2144 1193 2175 Alexandriae
1217 2150 1393 2178 arserunt:
1421 2145 1607 2187 pulcherri-

204 2197 290 2220 mum
308 2187 421 2228 regine
439 2188 628 2229 opulentiae
647 2194 889 2219 monumentum
908 2189 995 2219 nlius
1014 2189 1220 2223 laudaverit.
1239 2190 1327 2221 sieut
1345 2195 1377 2222 et
1397 2190 1532 2229 Livius,
1551 2191 1605 2233 qui

203 2233 389 2273 elegantiae
408 2242 519 2273 regum
533 2243 697 2275 curaeque
713 2234 881 2273 egregium
901 2234 931 2264 id
947 2244 1027 2276 opus
1046 2235 1093 2265 nit
1111 2233 1224 2266 fuisse.
1260 2234 1296 2267 L.
1313 2234 1439 2268 Seneca
1455 2235 1496 2268 do
1513 2238 1610 2269 tran-

203 2278 293 2320 quill.
311 2279 414 2309 αηίηι.
432 2288 460 2309 c.
482 2278 511 2308 9.

771 2358 823 2389 lix
845 2359 910 2390 lib.
930 2358 1042 2391 (ΣΧΙΙΙ.

293 2414 348 2450 42)
388 2403 434 2442 Et
468 2404 546 2454 ipso
576 2403 673 2442 eirea
703 2404 846 2455 l’nlpud
877 2417 984 2443 orum
1024 2406 1213 2444 tuebatur.
1264 2414 1430 2446 Priscian.
1456 2412 1499 2447 Vl
1522 2413 1544 2456 ξ
1567 2414 1610 2447 22

231 2483 237 2489 .
257 2458 320 2489 687
343 2459 380 2490 l’.

203 2469 225 2500 p
765 2512 817 2543 Ex
838 2513 904 2544 lib.
924 2513 1051 2545 (lelll.

294 2567 350 2602 43)
376 2567 555 2606 „unguo-⁴,
579 2579 692 2600 nomen
718 2568 911 2602 barbarum,
939 2569 1052 2600 Livius
1079 2570 1108 2601 in
1135 2571 1314 2602 centesimo
1337 2575 1456 2613 quarto
1479 2571 1606 2604 decimo

203 2612 382 2643 declinavit
401 2613 600 2651 „Bogudis-2
635 2615 799 2646 Priscian.
819 2613 844 2645 V
865 2614 885 2655 ξ
908 2614 946 2645 10
963 2626 995 2657 1¹·
1014 2615 1078 2646 64³
1098 2616 1147 2651 1²„
1165 2617 1213 2656 cs.
1230 2616 1362 2657 frag-m.
1379 2615 1434 2648 lib.
1454 2626 1531 2648 exn.
