1712 2825
67 217 94 235 ιι.
117 209 170 236 eh.
192 210 254 236 183.
514 197 644 231 LIBER
667 196 835 230 XXXIX.
883 197 977 230 CAP.
996 198 1051 231 51.

1397 201 1469 241 101

63 303 210 355 patriae
238 313 330 342 suae
356 301 548 353 primum,
579 299 716 339 deinde
742 300 877 340 fractis
906 301 988 340 eius
1018 300 1158 353 opibus
1179 302 1371 341 Antiocho
1398 301 1480 353 regi

64 364 201 399 auctor
226 357 312 397 belli
339 358 524 398 adversus
553 357 743 409 populum
764 357 985 397 Romanum
1010 357 1167 404 fuisset,
1194 370 1265 397 seu
1285 359 1373 410 quia
1391 359 1478 411 ipse
1506 366 1526 399 3

64 415 234 462 Prusias,
256 419 298 453 ut
318 415 594 465 gratificaretur
614 413 809 465 praesenti
822 413 1039 453 Flaminino
1054 414 1327 465 Ramanisque,
1348 427 1418 466 per
1438 428 1479 454 se

64 470 226 511 necandi
246 476 312 510 aut
330 471 507 510 tradendi
529 470 612 509 eius
632 471 671 508 in
693 475 928 522 potestatem
950 470 1155 510 consilium
1177 470 1290 521 cepit,
1312 483 1332 510 a
1352 472 1479 522 primo

65 527 272 578 conloquio
284 527 489 566 Flaminini
505 526 645 566 milites
664 527 854 579 extemplo
867 527 913 566 ad
928 527 1089 567 domum
1103 527 1328 566 Hannibalis
1346 533 1479 566 custo-

64 584 241 624 diendam
269 584 380 623 missi
410 588 514 623 sunt.
556 595 711 634 semper
736 583 850 623 talem
878 583 1021 623 exitum
1049 583 1149 623 vitae
1178 596 1270 622 suae
1289 583 1480 623 Hannibal
1508 594 1529 626 4

63 645 318 692 prospexerat
344 640 473 680 animo
503 644 540 678 et
559 639 828 679 Romanorum
857 639 1088 692 inexpiabile
1117 640 1250 680 odium
1271 640 1311 679 in
1333 653 1374 678 se
1396 652 1481 679 cer-

65 708 162 736 nens
185 701 222 735 et
240 697 328 736 fidei
349 709 485 748 regum
503 696 597 735 nihil
614 708 706 735 sane
721 696 861 744 fretus,
878 696 1039 736 Prusiae
1054 709 1144 736 vero
1161 697 1350 736 levitatem
1368 696 1481 735 etiam

65 758 246 805 expertus
260 758 356 801 erat,
371 753 573 793 Flaminini
585 765 741 804 quoque
753 753 960 793 adventum
974 753 1075 792 velut
1083 753 1234 793 fatalem
1251 753 1325 792 sibi
1336 753 1480 792 horru-

66 815 159 849 erat.
200 810 247 848 ad
276 811 406 849 omnia
432 809 605 860 undique
633 809 794 858 infesta,
827 815 870 849 ut
897 810 970 849 iter
999 822 1155 861 semper
1183 810 1338 861 aliquod
1366 822 1481 861 prae-
1510 819 1529 851 5

65 871 244 918 paratum
271 867 384 917 fugae
409 866 587 913 haberet,
616 872 765 918 septem
794 867 916 906 exitus
945 880 965 906 e
993 867 1111 906 domo
1137 866 1290 914 fecerat,
1313 870 1350 905 et
1370 879 1415 905 ex
1436 865 1483 904 iis

67 923 258 974 quosdam
280 923 472 971 occultos,
491 935 540 962 ne
562 923 736 962 custodia
758 923 1013 975 saepirentur.
1053 923 1121 962 sed
1141 935 1255 974 grave
1274 922 1481 975 imperium
1513 930 1532 962 6

65 991 201 1031 regum
229 979 324 1018 nihil
350 980 651 1032 inexploratum,
679 980 784 1031 quod
811 980 990 1030 vestigari
1018 980 1164 1027 volunt,
1193 979 1321 1019 efficit.
1362 979 1482 1018 totius

67 1036 268 1076 circuitum
289 1036 430 1076 domus
452 1037 503 1075 ita
525 1035 712 1075 custodiis
735 1036 925 1088 complexi
948 1041 1051 1083 sunt,
1074 1041 1117 1076 ut
1137 1049 1253 1075 nemo
1276 1035 1365 1075 inde
1387 1035 1483 1074 elabi

66 1097 213 1144 posset.
249 1092 450 1140 Hannibal,
470 1098 678 1144 postquam
698 1098 757 1132 est
771 1093 991 1132 nuntiatum
1007 1093 1150 1132 milites
1166 1092 1294 1143 regios
1311 1093 1350 1131 in
1367 1091 1483 1146 vesti-
1515 1102 1532 1133 7

68 1148 159 1187 bulo
181 1160 284 1195 esse,
307 1149 459 1199 postico
473 1180 481 1196 ,
505 1148 610 1200 quod
632 1148 784 1187 devium
807 1150 973 1188 maxime
994 1154 1107 1200 atque
1129 1148 1382 1188 occultissimi
1403 1147 1482 1187 exi-

69 1209 134 1244 tus
162 1209 260 1250 erat,
291 1205 423 1256 fugere
453 1209 635 1251 conatus,
664 1209 708 1244 ut
729 1205 767 1244 id
791 1217 945 1256 quoque
968 1205 1135 1245 obcursu
1156 1205 1322 1245 militum
1345 1205 1483 1244 obsae-
1514 1213 1532 1246 S

69 1266 179 1312 ptum
202 1261 326 1300 sensit
347 1267 385 1300 et
406 1262 534 1300 onmia
557 1261 656 1301 circa
679 1262 806 1301 clausa
829 1261 1016 1301 custodiis
1034 1261 1233 1313 dispositis
1251 1274 1349 1307 esse,
1368 1273 1484 1300 vene-

71 1362 124 1403 10,
133 1360 237 1393 Hann.
255 1361 438 1393 besonders
453 1362 558 1402 thiitig
571 1371 739 1402 gewesen.

68 1425 113 1430 —
129 1417 226 1439 seu-
243 1417 316 1447 seu,
333 1406 371 1438 L,
388 1407 474 1438 lasst
489 1407 540 1438 die
555 1407 660 1438 Sache
679 1417 740 1437 un-

71 1452 295 1492 entschieden,
315 1452 395 1483 nach
412 1451 518 1484 Plut.:
538 1449 587 1484 δι’
614 1450 741 1504 ἑτέρας

69 1493 114 1538 δή
144 1507 246 1533 τινας
271 1494 424 1540 πράξεις
456 1493 681 1541 πρεσβευτής
706 1508 738 1529 u.

68 1543 207 1584 Appian.
227 1543 273 1574 ist
284 1542 421 1574 Flamin.
438 1543 498 1574 der
513 1542 662 1575 Urheber
679 1542 738 1574 des

67 1587 228 1626 Frevels3
254 1588 334 1619 nach
358 1586 378 1629 ξ
405 1587 463 1626 11;
490 1587 563 1620 Val.
589 1587 679 1619 Max.
706 1587 738 1627 9,

69 1631 88 1664 2
107 1632 185 1664 Ext.
206 1633 241 1672 23
259 1632 372 1664 Aurei.
386 1632 471 1665 vict.
487 1632 548 1672 423
567 1632 620 1673 51,
639 1633 658 1664 5
676 1643 738 1672 ge-

69 1678 197 1709 schieht
213 1678 366 1709 derselbe
382 1678 422 1709 im
441 1676 583 1717 Austrag
599 1678 657 1708 des
676 1678 737 1709 Se—

70 1726 182 1759 nates,
217 1723 297 1753 nach
331 1722 427 1753 Corn.
460 1733 492 1753 u.
526 1721 641 1754 lustin.
672 1722 737 1754 soll

69 1765 210 1798 Flamin.
236 1777 297 1798 nur
326 1767 377 1798 die
401 1765 639 1806 Auslieserung
664 1766 734 1799 H'.s

69 1810 216 1843 fordern.
235 1829 279 1834 —
295 1814 386 1843 auct.
405 1811 494 1851 belli,
514 1813 594 1843 nach
613 1812 672 1843 der
689 1811 738 1843 ost

70 1857 262 1888 erwzihnten
288 1857 422 1898 Angnbe
453 1857 512 1888 der
542 1857 677 1897 Riimer,
707 1868 734 1889 s.

69 1901 123 1943 33,
147 1902 202 1941 47,
227 1902 264 1939 6;
287 1901 340 1941 35,
362 1902 412 1942 19,
432 1901 459 1934 1.
476 1920 521 1924 -
538 1905 577 1934 ut
597 1904 738 1944 gratis„

67 1947 123 1988 21,
141 1947 172 1986 9,
190 1947 228 1986 43
247 1947 285 1978 da
305 1947 389 1979 utin
409 1947 470 1978 den
489 1947 564 1979 Hss.
584 1946 675 1986 fehlt,
695 1948 740 1979 ist

67 1992 160 2025 viell.
190 1992 451 2034 gratificaturus
482 2003 523 2023 zu
557 1993 661 2024 lesen.
694 2011 737 2015 ——

68 2048 89 2069 a
104 2047 157 2081 pr.
176 2037 246 2069 coll.
271 2038 392 2078 stiam„
416 2038 631 2069 unmittelbar
656 2038 736 2069 nach

67 2101 90 2106 —
106 2083 165 2114 mit
181 2082 298 2123 Flam„
321 2083 373 2123 30,
397 2082 448 2124 36,
476 2083 503 2114 1.
520 2101 564 2106 —
588 2083 737 2121 domum,

71 2127 124 2159 bei
149 2127 247 2160 Corn.
272 2128 461 2166 castellium
493 2129 573 2160 nach
598 2128 684 2160 Plut.
709 2139 738 2161 c.

69 2172 131 2212 203
151 2172 247 2205 Paus.
267 2174 297 2213 8,
319 2173 370 2214 11,
389 2173 427 2211 ὃς
453 2174 533 2205 Aur.
552 2173 639 2205 vict.
658 2174 678 2205 l.
698 2173 738 2211 Ι.;

69 2217 208 2260 Eutrop.
227 2218 258 2258 4,
278 2219 296 2249 5
316 2219 370 2258 lag
389 2218 542 2250 ‹lasselbe
561 2219 613 2250 bei
633 2219 739 2250 oinem

69 2262 152 2294 Orte
178 2263 316 2305 Libyssa
342 2264 372 2294 in
392 2264 582 2305 Bithynicn,
608 2273 633 2295 s.
654 2263 739 2295 Plin.

69 2308 99 2347 5,
119 2307 172 2347 32,
201 2308 279 2340 148:
302 2309 375 2349 fuit
398 2308 542 2350 Libyssa
567 2308 737 2352 oppidum,

67 2355 127 2385 ubi
140 2364 228 2385 nunc
244 2353 439 2385 llmenibalt's
465 2357 595 2385 laulmn
622 2357 738 2385 tumu-

69 2398 130 2438 lus,
156 2399 220 2430 und
245 2399 345 2429 durch
367 2398 479 2429 s‹·=,in‹n
499 2398 569 2430 'rod
588 2399 737 2430 ‹laselbst

68 2444 183 2475 wurdt,
222 2445 282 2475 der
315 2444 369 2475 Or«
365 2444 425 2474 'eik‹
419 2444 560 2485 ·lsprncli
601 2443 735 2475 erliillt:

70 2490 248 2541 Λίβυσσα
277 2486 377 2533 xpm]
382 2500 407 2521 kl
433 2489 550 2530 βῶλος
574 2485 739 2531 Ἀιιίβου

71 2529 202 2576 δήμας,
222 2545 248 2565 s.
268 2535 351 2577 App.
372 2535 448 2577 ⁵3¹²
472 2534 522 2565 11.

117 2580 167 2610 4-
175 2579 206 2611 (i.
232 2581 287 2610 im
288 2581 416 2622 .ι·”.ριαΙ)
436 2580 466 2617 2,
491 2580 540 2619 17,
559 2581 598 2617 2,
617 2581 669 2619 33,
691 2581 730 2611 17

71 2624 90 2654 ¹.)
110 2635 139 2656 u.
159 2635 188 2656 n.
206 2642 249 2648 —
265 2625 356 2666 fidei,
382 2625 405 2665 1,
431 2624 479 2660 ll,
499 2625 529 2657 3.
546 2643 587 2648 —
604 2626 740 2665 nihils„

815 1362 869 1403 22,
902 1362 952 1401 19,
986 1362 1044 1393 12:
1074 1361 1168 1394 haud
1192 1372 1289 1394 sane:
1320 1361 1485 1393 durchaus

812 1407 919 1448 nicht,
944 1407 1060 1448 21,2,
1078 1407 1119 1447 4;
1144 1407 1199 1445 22,
1220 1407 1277 1446 40,
1307 1407 1320 1438 1
1343 1417 1374 1438 u.
1394 1416 1424 1438 a.
1442 1424 1488 1430 —-

811 1463 890 1485 vero
922 1471 945 1475 —-
977 1454 1099 1493 etiam,
1136 1452 1388 1492 Versicherung
1418 1454 1484 1483 und

812 1497 1031 1538 Steigerung3
1063 1498 1114 1529 bei
1142 1497 1289 1529 welcher
1318 1496 1484 1537 Gelegen-

812 1543 880 1574 heit
913 1543 950 1574 H.
992 1543 1140 1575 dieselbe
1179 1542 1309 1574 kennen
1350 1543 1486 1582 gelernt

811 1588 911 1641 habe,
936 1588 980 1620 ist
1003 1589 1094 1620 nicht
1117 1588 1274 1629 bekannt,
1296 1587 1400 1620 Plut.:
1426 1585 1484 1620 ἀεὶ

811 1630 983 1666 ἀπιστῶν
999 1633 1042 1678 τῆ
1066 1633 1132 1665 τοῦ
1150 1634 1345 1676 Προυσίου
1366 1632 1484 1676 μαλα-

812 1680 893 1716 κίας
924 1678 1007 1710 iiber
1036 1679 1088 1710 die
1117 1678 1265 1718 niedrige
1289 1677 1485 1719 Gesinnung

808 1723 866 1754 des
883 1723 977 1755 Prns.
995 1733 1021 1755 s.
1039 1723 1094 1763 45,
1111 1723 1172 1762 44;
1190 1722 1308 1765 Polyb.
1327 1722 1379 1764 37,
1394 1722 1425 1754 2.
1439 1741 1485 1746 -

811 1779 919 1810 quoq„
935 1769 986 1799 ein
1003 1779 1107 1800 nener
1121 1767 1246 1800 Grnnd.
1257 1786 1300 1791 —
1313 1769 1484 1808 hormen,

811 1813 877 1853 vgl.
903 1812 965 1853 30,
991 1813 1048 1854 28,
1076 1813 1297 1855 llzsatalem
1321 1824 1397 1845 eum
1419 1812 1483 1845 du-

811 1868 881 1890 cem
898 1877 920 1880 —
937 1858 1137 1897 horrebant,
1163 1858 1222 1899 38,
1246 1858 1306 1900 40,
1331 1858 1362 1890 4.
1380 1876 1424 1881 ——
1440 1857 1486 1890 ad

813 1914 900 1935 omn.
920 1914 951 1934 u.
970 1904 1045 1945 itis„
1067 1904 1199 1943 gemiiss
1217 1904 1279 1935 den
1307 1913 1370 1934 von
1393 1903 1481 1935 allen

814 1948 929 1979 Seiten
948 1948 1161 1989 driingenden
1181 1947 1378 1980 feindlichen
1397 1947 1485 1981 Ver-

811 1994 1014 2034 hiiltnissen,
1039 2004 1173 2034 wegen,
1197 2005 1225 2025 c.
1247 1993 1301 2034 12,
1327 1993 1365 2032 23
1393 1993 1428 2035 1,
1453 1994 1484 2034 7,

814 2039 843 2077 7,
868 2039 949 2070 oder
975 2039 1072 2070 auch:
1104 2049 1209 2079 gegen
1242 2039 1424 2080 dieselben,
1457 2049 1483 2071 s.

814 2083 880 2115 Cic.
912 2083 1008 2115 Rosc.
1039 2084 1100 2124 40,
1132 2084 1206 2115 116.
1239 2102 1280 2107 ——
1305 2087 1392 2127 sept.
1417 2095 1487 2125 ean,

812 2129 934 2161 ebenso
953 2128 1053 2160 Corn.
1074 2140 1106 2161 u.
1124 2129 1210 2161 Plut.
1229 2147 1270 2152 -—
1289 2129 1374 2161 m‘ln‘l
1389 2148 1410 2151 —
1427 2130 1485 2172 es·-

804 2175 899 2216 ficit,
919 2175 1028 2206 macbt
1053 2175 1161 2206 nichts
1185 2185 1225 2206 zu
1248 2179 1353 2206 etwas
1379 2173 1485 2207 Uner-

812 2218 992 2251 forsclitcm
1042 2221 1106 2251 und
1148 2219 1484 2259 Unersorschlichem,

813 2265 899 2296 liisst
929 2265 1036 2296 nichts
1067 2275 1149 2297 usw.
1202 2264 1416 2305 40,13,6;
1454 2266 1483 2306 2,

813 2311 867 2347 (50,
886 2310 924 2347 4·
944 2310 997 2350 24,
1017 2310 1047 2349 5,
1065 2310 1096 2341 2.
1112 2289 1277 2352 -Ὴιοείιέ-
1293 2320 1343 2349 ,3.
1361 2310 1414 2347 31
1434 2290 1483 2345 Ιίἰθ

812 2355 843 2395 2,
861 2356 985 2386 hatdie
1004 2354 1154 2387 Mainzer
1172 2355 1242 2394 Hs„
1250 2335 1318 2386 odii
1346 2355 1482 2393 iibiigen

810 2402 1025 2440 investigari.

859 2445 905 2475 7--
918 2445 968 2476 12.
997 2447 1125 2485 ι“ο.ἳίι’1).,
1144 2445 1175 2484 2,
1194 2446 1246 2483 49,
1266 2445 1295 2475 3.
1315 2462 1357 2466 —-
1374 2446 1484 2486 posh-

813 2501 859 2531 co,
878 2490 931 2531 45,
951 2492 982 2529 (5,
1001 2491 1040 2525 4:
1067 2491 1121 2528 -12,
1147 2491 1176 2531 2,
1196 2491 1225 2527 2,
1246 2489 1310 2528 igi.
1331 2489 1383 2523 253.
1403 2491 1433 2526 δ’,
1453 2489 1483 2520 8.

812 2553 856 2558 -
875 2545 1028 2572 occursu,
1048 2536 1150 2575 5,-11,
1175 2536 1210 2569 ὃς
1237 2536 1267 2569 ἵ),
1297 2533 1344 2573 13,
1374 2533 1422 2565 10.
1440 2551 1484 2557 -

814 2582 959 2624 οΙι.νασρ.,
985 2582 1038 2617 22,
1063 2581 1120 2612 50,
1147 2582 1175 2609 S.
1255 2588 1371 2621 praep.
1396 2579 1484 2618 hain,

811 2626 882 2657 hier
907 2627 962 2657 hat
986 2627 1107 2657 hahart·
1131 2624 1222 2655 scinc
1247 2623 1335 2655 valle
1355 2623 1482 2656 Beden-
