1712 2825
147 1141 188 1173 10

230 182 309 222 194
669 182 797 216 LIBER
822 183 973 216 XXXX.
1019 185 1113 218 CAP.
1141 185 1197 217 47.

224 295 307 323 non
323 284 610 335 impetrassent,
626 291 709 325 tum
727 286 934 337 separatim
952 299 1020 325 eos
1043 287 1089 326 ab
1106 286 1178 325 illis
1191 300 1234 326 se
1251 287 1516 327 consulturos.
1547 299 1639 338 per-
1671 293 1674 295 ’

1479 201 1505 219 a.
1525 202 1554 221 u.
1574 195 1636 223 575.
1673 223 1692 230 ‚q

225 340 401 379 mittente
422 341 596 381 Graccho
617 342 744 382 ierunt
765 350 802 382 et
823 348 914 394 post
929 343 1060 394 paucis
1078 344 1213 383 diebus
1231 344 1326 383 alios
1344 344 1476 383 decem
1490 344 1639 394 legatos
1688 351 1712 401 [2ss

227 409 358 436 secum
383 397 634 437 adduxerunt.
675 400 932 438 meridianum
960 405 1116 451 tempus
1139 406 1230 440 erat.
1271 401 1366 439 nihil
1386 400 1495 452 prius
1516 400 1639 451 petie·
1686 412 1712 460 ,ἐς

224 460 316 493 runt
343 467 363 492 a
391 461 568 505 praetore
597 467 713 506 quam
742 462 785 494 ut
804 456 935 495 hibere
957 456 1030 495 sibi
1051 457 1198 496 iuberet
1219 457 1311 496 dari.
1352 457 1478 508 epotis
1502 456 1638 507 primis

223 510 375 560 poculis
396 512 534 550 iterum
557 519 839 562 poposcerunt,
870 525 1011 564 magno
1033 514 1115 552 risu
1137 514 1474 553 circumstantium
1497 514 1536 552 in
1557 519 1637 553 tam

222 567 385 606 rudibus
413 573 450 606 et
478 569 600 606 moris
624 569 752 607 omnis
774 570 918 619 ignaris
940 570 1118 620 ingeniis.
1159 576 1243 609 tum
1264 570 1456 609 maximus
1478 575 1572 609 natu
1592 582 1638 609 ex
1687 580 1697 615 ·.-,

222 623 268 661 iis
299 624 441 671 „missi
472 629 641 663 sumus·‘
675 625 799 676 inquit
828 639 884 674 „a
914 632 1027 676 gente
1055 633 1213 673 nostra,
1243 627 1306 678 qui
1337 627 1636 674 sciscitaremur,
1692 631 1694 637 '

223 691 296 730 qua
324 680 481 719 tandem
509 693 550 719 re
570 681 692 720 fretus
715 694 821 721 arma
841 683 955 722 nobis
977 683 1179 722 inferres.“
1221 684 1265 723 ad
1289 684 1388 722 hanc
1403 688 1637 734 percuncta-

220 736 367 774 tionem
386 737 582 776 Gracchus
609 738 776 777 exercitu
804 752 846 778 se
860 739 1018 790 egregio
1040 740 1222 779 fidentem
1243 740 1395 779 venisse
1414 739 1638 790 respondit3

223 804 337 843 quem
361 794 393 831 si
414 793 488 844 ipsi
510 795 632 833 visere
654 795 779 843 velint,
798 808 873 846 quo
897 797 1060 835 certiora
1083 797 1128 835 ad
1152 809 1246 835 suos
1263 797 1442 845 referant,
1460 801 1635 847 potesta-

220 854 297 887 tem
319 861 361 887 se
382 850 436 888 eis
457 850 650 890 facturum
673 864 776 897 esse;
798 852 1043 904 tribunisque
1065 853 1229 892 militum
1248 854 1423 904 imperat,
1449 858 1490 892 ut
1506 852 1636 892 ornari

221 917 358 944 omnes
380 907 511 957 copias
534 908 705 958 peditum
729 910 979 960 equitumque
1000 916 1036 948 et
1057 910 1260 948 decurrere
1281 910 1437 949 iubeant
1452 915 1632 949 armatas.
1692 922 1695 927 ¹

220 961 265 1000 ab
297 962 373 1000 hoc
400 964 619 1013 spectaculo
646 964 758 1015 legati
785 966 895 1004 missi
917 967 1187 1005 deterruerunt
1207 979 1302 1005 suos
1325 966 1371 1005 ab
1395 966 1533 1005 auxilio
1557 966 1633 1004 cir-

220 1030 441 1057 cumsessae
468 1019 554 1058 urbi
582 1020 756 1059 ferendo.
801 1022 984 1072 oppidani
1016 1035 1102 1061 cum
1132 1023 1240 1073 ignes
1269 1028 1383 1061 nocte
1412 1036 1430 1061 e
1457 1021 1632 1061 turribus

218 1074 471 1125 nequiquam,
500 1076 603 1126 quod
632 1077 787 1128 signum
817 1085 1068 1124 convenerat,
1099 1079 1365 1125 sustulissent,
1393 1078 1564 1117 destituti
1585 1077 1632 1117 ab

216 1131 329 1169 unica
359 1144 428 1182 spe
455 1132 582 1170 auxilii
610 1133 648 1171 in
678 1134 913 1173 deditionem
943 1142 1141 1174 venerunt.
1183 1136 1403 1174 sestertium
1425 1147 1630 1173 nummum

217 1193 350 1237 quater
371 1193 408 1227 et
429 1188 574 1227 viciens
596 1189 643 1228 ab
662 1190 706 1228 iis
725 1196 784 1229 est
800 1197 989 1239 exactum,
1007 1192 1256 1242 quadraginta
1273 1191 1504 1231 nobilissimi
1521 1190 1632 1242 equi-

214 1248 286 1287 tes,
310 1256 381 1283 nec
402 1245 583 1284 obsidum
604 1247 765 1285 nomine
785 1271 840 1275 —-
861 1260 951 1287 nam
968 1249 1130 1287 militare
1146 1249 1241 1288 iussi
1258 1254 1350 1288 sunt
1366 1271 1432 1295 —,
1449 1254 1486 1287 et
1500 1253 1630 1287 tamen

214 1312 255 1338 re
276 1300 371 1351 ipsa,
395 1307 437 1340 ut
457 1302 599 1352 pignus
622 1303 708 1341 fidei
732 1309 876 1342 essent.

215 1477 242 1498 c.
263 1466 315 1506 33,
335 1468 371 1506 5;
397 1468 478 1499 doch
498 1469 551 1500 hat
569 1469 620 1500 die
641 1469 705 1501 Mz.
725 1471 764 1502 A.
783 1471 889 1503 rebel—

213 1512 357 1544 laturos.
377 1531 418 1536 —
437 1524 494 1544 eos
518 1514 640 1546 konute
662 1516 731 1546 sicli
753 1527 815 1547 nur
832 1515 891 1547 auf

212 1557 264 1589 die
284 1557 410 1598 Biirger
435 1559 494 1590 der
513 1559 610 1591 Stadt
634 1560 809 1592 beziehen:
836 1562 885 1593 sie

1005 1472 1024 1503 8
1038 1491 1060 1494 —
1076 1472 1126 1504 10.
1151 1474 1300 1515 imperat
1314 1491 1337 1495 —
1354 1473 1504 1513 iubeant,
1522 1471 1577 1513 29,
1596 1472 1628 1515 2,

960 1516 990 1548 8.
1001 1536 1045 1540 -—
1058 1519 1182 1556 ornari,
1197 1518 1266 1549 sich
1281 1517 1485 1557 vollstiindig
1499 1517 1625 1557 riisten‚

959 1572 985 1594 s.
1003 1562 1052 1602 10,
1071 1563 1123 1604 40,
1146 1562 1184 1594 12
1198 1573 1230 1594 ιι.
1243 1572 1272 1594 a.
1287 1580 1329 1586 -—
1345 1562 1488 1602 decium,
1503 1561 1556 1600 26,
1571 1561 1623 1605 51,

211 1603 349 1634 wiirden
369 1604 452 1635 ohne
470 1603 651 1637 Riicksicht
668 1606 726 1637 aus
741 1607 792 1637 die
811 1606 885 1638 Cel-

211 1648 338 1679 tiberer
355 1649 406 1680 die
427 1649 553 1689 Biirger
570 1660 611 1681 zu
630 1649 735 1682 Rathe
757 1651 883 1691 ziehen,

211 1693 278 1724 sich
295 1694 351 1725 init
367 1694 481 1725 diesen
497 1694 672 1735 berathen3
688 1697 768 1728 doch
783 1697 883 1729 sollte

209 1748 281 1769 man
309 1739 380 1770 hier
405 1740 484 1770 eher
509 1741 603 1771 einen
625 1741 802 1773 Bescliluss
827 1753 882 1773 er-

210 1788 356 1823 warten3
384 1795 419 1815 es
439 1785 519 1816 wird
538 1786 641 1817 daher
658 1797 780 1825 verm„
805 1787 882 1819 dass

209 1838 265 1859 eos
290 1839 329 1860 zu
355 1828 529 1861 entl'ernen
555 1831 636 1862 oder
658 1843 739 1864 Suos
757 1832 881 1864 abillis

206 1874 274 1905 sibi
297 1885 337 1905 zu
363 1875 452 1905 lesen
479 1876 544 1915 sei,
577 1877 644 1917 vgl.
669 1876 727 1917 23,
759 1876 817 1918 20,
842 1878 878 1916 43

208 1917 302 1949 Caes.
323 1920 357 1950 Β.
376 1919 411 1951 C.
435 1920 468 1958 1,
488 1920 546 1958 76,
566 1920 601 1953 2:
623 1933 729 1962 neque
746 1924 811 1953 sibi
827 1934 879 1954 se-

206 1966 357 2006 paratim
382 1976 402 1996 a
420 1965 555 2007 reliquis
573 1967 746 1998 consilinm
765 1971 880 2010 euplu-

206 2018 280 2046 r0.s·;
303 2009 337 2040 Β.
357 2008 395 2041 G.
416 2010 446 2047 4,
465 2012 496 2050 9,
518 2010 550 2041 l:
569 2010 674 2051 legali
688 2012 768 2043 llaec
786 2024 822 2043 se
835 2013 881 2044 ad

207 2064 288 2084 suos
319 2054 487 2086 relaturos
521 2055 684 2087 dioeeruut
713 2062 795 2095 (ευ-,ς
827 2060 878 2090 od.

206 2109 281 2130 sese
297 2100 337 2130 alt
355 2101 376 2130 i.
396 2111 487 2138 esse;
508 2100 590 2132 iiber
606 2102 780 2134 consulere
798 2113 825 2134 s.
845 2104 876 2143 o,

205 2142 265 2183 39,
292 2143 310 2174 2
330 2154 360 2175 ιι.
380 2154 409 2175 a.
429 2163 472 2168 —
489 2149 567 2188 past
590 2157 686 2189 pauc.
708 2147 752 2186 (L,
777 2158 803 2179 c.
823 2148 874 2190 57,

205 2187 243 2226 2;
269 2187 326 2229 32,
346 2189 376 2227 5,
401 2189 455 2228 1ος
483 2191 604 2221 eberiso
623 2196 701 2224 ante
719 2204 745 2224 c.
766 2193 818 2234 52,
841 2193 876 2231 13

205 2233 351 2274 dagegen
372 2234 424 2272 39,
444 2236 497 2273 5-1,
517 2238 550 2265 8:
567 2240 646 2279 post
661 2248 789 2279 paucos
806 2237 876 2270 dies

204 2289 236 2310 u.
255 2288 284 2310 n.
304 2297 346 2302 —
364 2279 484 2311 merz'd.
510 2283 531 2311 t.
559 2293 584 2312 e.
610 2283 673 2313 soll
699 2284 756 2321 das
783 2283 876 2324 Folg.

205 2323 432 2356 verbereiten.
447 2343 489 2347 —
504 2327 625 2364 bibere,
641 2328 719 2358 wie:
739 2339 778 2359 zu
795 2329 878 2360 trin·

203 2368 265 2400 ken
285 2369 408 2409 geben3
431 2369 496 2401 Cic.
515 2370 614 2402 Tusc.
640 2372 663 2410 l,
684 2373 736 2411 26,
755 2373 813 2404 05:
838 2377 876 2405 ut

203 2412 276 2445 lori
296 2415 406 2446 bibere
429 2416 660 2454 ministraret,
689 2428 749 2448 zur
769 2419 873 2449 Snclie

203 2459 270 2497 vgl.
290 2460 342 2501 31,
365 2460 414 2499 Iti,
433 2461 462 2492 5.
481 2463 572 2492 —1'71
594 2464 661 2493 lam
680 2472 707 2493 r.
729 2467 800 2501 etc„
821 2464 872 2494 (lie

204 2503 461 2546 Veranlnssung,
481 2506 532 2537 die
548 2507 577 2538 in
594 2507 653 2538 den
671 2505 872 2540 {Tinsutmlen

203 2548 299 2588 lingt:
332 2550 399 2589 bei,
430 2562 455 2582 s.
481 2552 540 2591 2⁴,
570 2552 604 2593 8,
636 2552 666 2583 2.
691 2570 731 2574 —
757 2555 871 2592 nior-is,

201 2594 288 2625 aller
305 2593 452 2627 scinci-cn
471 2597 569 2635 siue,
587 2607 613 2629 s.
634 2596 753 2629 Nissen
777 2598 849 2630 101.

959 1608 989 1639 4.
1009 1625 1053 1630 —-
1069 1609 1110 1639 ab
1127 1608 1158 1639 Ιι,
1179 1611 1295 1651 spect.,
1319 1618 1347 1639 c.
1373 1607 1427 1646 49,
1454 1607 1489 1646 13
1515 1605 1570 1647 56,
1588 1607 1626 1647 73

958 1652 1011 1694 24,
1035 1652 1096 1690 22,
1127 1652 1162 1683 6:
1193 1654 1234 1684 ab
1263 1653 1325 1684 lzac
1348 1654 1502 1684 contione
1523 1651 1630 1694 legati

956 1699 1057 1729 missi
1083 1700 1181 1737 sunt3
1212 1698 1324 1729 Duker
1353 1708 1454 1729 verm.
1484 1697 1626 1738 dimissi,

957 1753 1043 1782 was,
1073 1744 1112 1774 da
1137 1743 1256 1785 legati
1281 1743 1496 1783 vorausgeht,
1527 1742 1627 1776 leicht

956 1788 1142 1820 verdorben
1162 1789 1297 1820 werden
1313 1788 1446 1827 konnte,
1461 1797 1488 1820 S.
1504 1787 1556 1829 24,
1570 1787 1624 1830 39,

958 1833 993 1872 1;
1015 1832 1066 1871 23,
1085 1833 1116 1872 6,
1146 1833 1171 1865 l.
1207 1833 1337 1865 Ebenso
1364 1834 1408 1864 ist
1429 1833 1510 1864 nach
1527 1835 1626 1866 nocte

955 1879 1127 1910 entweder
1144 1878 1184 1910 de
1202 1879 1282 1910 oder
1299 1889 1316 1909 e
1335 1876 1554 1918 ausgefallen.
1579 1895 1624 1901 —

952 1926 1155 1965 nequiquam
1172 1923 1272 1954 sollte
1291 1932 1362 1954 man
1384 1922 1435 1954 bei
1458 1922 1622 1955 sustulis-

952 1971 1027 2000 sent
1051 1973 1229 2010 erwarten,
1255 1968 1320 2008 vgl.
1340 1967 1461 2008 jedoch
1486 1967 1540 2008 33,
1570 1966 1620 2007 18,

953 2013 983 2044 9.
1001 2031 1045 2036 -—
1063 2013 1149 2045 dest.
1167 2014 1208 2045 ab
1226 2024 1258 2044 u.
1277 2024 1346 2056 spe,
1371 2023 1396 2044 s.
1415 2012 1468 2055 25,
1491 2012 1544 2053 27,
1569 2011 1620 2045 13.

953 2076 994 2081 —
1017 2060 1212 2090 sestertium
1237 2069 1414 2090 nummum
1441 2058 1496 2090 hat
1519 2056 1621 2090 Gele—

952 2103 1036 2143 nius,
1060 2104 1111 2135 ‹lie
1132 2103 1196 2135 Mz.
1216 2105 1315 2144 Ausg.
1338 2114 1400 2135 nur
1422 2113 1617 2142 'mmmmm

951 2148 1066 2179 Beidcs
1082 2150 1123 2180 ist
1138 2149 1382 2189 gebrauchlich,
1397 2159 1422 2180 s.
1439 2147 1618 2180 Mommsen

951 2193 1071 2225 Gesch.
1107 2194 1165 2225 des
1199 2196 1280 2226 riim.
1316 2193 1499 2226 Miinzwes.
1537 2192 1618 2232 1983

950 2238 1087 2270 Hultscli
1109 2238 1241 2270 Meti-ol.
1260 2238 1344 2277 221;
1370 2239 1446 2270 dass
1467 2239 1538 2270 hier
1554 2248 1617 2270 von

950 2284 1042 2315 einer
1072 2283 1418 2324 liriegscontribution
1450 2284 1501 2315 die
1526 2282 1616 2316 Redo

948 2329 1006 2369 sei,
1018 2329 1468 2370 101·rtderzusmnmenhung,
1479 2327 1614 2360 Nitzsch

953 2374 1026 2405 1-11.
1061 2374 1104 2406 lm
1128 2374 1224 2415 Folg.
1249 2375 1292 2406 ist
1316 2374 1374 2406 das
1397 2372 1521 2405 Fehlen
1551 2383 1616 2406 von

950 2422 980 2450 et
999 2420 1090 2457 lmrt3
1111 2430 1152 2451 zu
1171 2421 1298 2462 equites
1315 2419 1370 2457 ist,
1395 2428 1489 2450 wenn
1508 2418 1615 2451 nichts

946 2462 1169 2504 ausgesanen,
1202 2474 1262 2496 aus
1298 2466 1456 2496 emat-tum
1490 2463 1616 2495 wieder

946 2511 1060 2540 arm-li
1078 2521 1117 2540 zu
1135 2509 1276 2548 denken,
1295 2507 1389 2540 caes.
1407 2508 1439 2540 Β.
1457 2507 1492 2540 C.
1514 2508 1542 2548 1,
1559 2507 1616 2540 30.

947 2572 983 2575 -
1006 2566 1065 2585 mec·
1120 2558 1151 2586 et
1176 2558 1297 2594 tamen,
1321 2564 1348 2586 s.
1370 2553 1429 2594 21,
1453 2552 1490 2594 3,
1508 2552 1547 2594 3;
1572 2563 1613 2585 zu

947 2598 998 2640 35,
1018 2599 1069 2639 23,
1089 2599 1118 2631 2.

1692 2184 1708 2311 ...¹.·0.›.t-„
