1712 2825
58 218 86 237 a.
108 211 161 238 eh.
184 210 246 236 184.
497 198 626 232 LIBER
650 198 816 231 XXXIX.
857 198 951 231 CAP.
970 198 1024 231 37.
1414 201 1466 240 73

59 302 339 356 quantumlibet
358 301 512 341 intersit
531 301 631 341 inter
650 302 854 341 Romanos
876 306 913 341 et
928 300 1116 348 Achaeos,
1140 302 1258 341 modo
1283 314 1331 342 ne
1346 302 1386 341 in
1403 315 1468 342 ae-

59 373 137 412 quo
158 361 291 399 hostes
312 358 429 398 vestri
449 358 653 410 nostrique
674 358 775 409 apud
796 370 865 397 vos
888 358 969 397 sint
988 370 1032 396 ac
1051 370 1125 397 nos
1149 359 1256 405 socii,
1278 359 1399 398 immo
1420 372 1468 399 ne

57 416 218 456 meliore
233 415 316 455 iure
331 415 421 454 sint.
451 427 555 463 nam,
569 420 613 454 ut
627 415 667 454 in
683 427 805 466 aequo
823 420 967 460 essent,
984 425 1058 453 nos
1073 414 1250 462 fecimus,
1267 428 1354 454 cum
1365 416 1467 467 leges

57 473 105 512 iis
125 477 280 511 nostras
303 472 501 520 dedimus,
531 483 640 519 cum,
661 476 723 519 ut,
745 471 899 511 Achaici
921 471 1072 510 concilii
1093 476 1235 519 essent,
1258 473 1468 512 effecimus.

58 541 198 581 parum
219 534 280 568 est
300 528 423 574 victis,
447 528 549 580 quod
568 528 778 567 victoribus
795 528 888 567 satis
905 533 982 575 est3
998 527 1085 579 plus
1104 528 1304 579 postulant
1319 528 1466 575 hostes,

57 598 172 637 quam
195 585 291 625 socii
311 585 467 625 habent.
509 597 606 637 quae
626 586 709 624 iure
729 585 904 632 iurando,
925 597 1021 636 quae
1037 584 1306 624 monumentis
1322 584 1468 624 littera-

55 654 144 682 rum
164 642 203 681 in
225 642 351 694 lapide
372 642 576 693 insculptis
598 641 638 680 in
662 646 854 681 aeternam
877 641 1107 680 memoriam
1125 646 1257 681 sancta
1275 646 1389 692 atque
1406 653 1464 680 sa-

56 703 158 739 crata
175 704 277 745 sunt,
291 711 333 738 ea
351 711 438 738 cum
455 698 625 750 periurio
643 703 779 737 nostro
795 698 931 737 tollere
946 702 1093 749 parant.
1121 710 1298 737 veremur
1314 697 1470 749 quidem

54 768 138 802 vos,
158 755 337 803 Romani,
360 761 408 802 et,
431 756 464 794 si
483 755 535 795 ita
557 755 682 800 vultis,
700 755 813 794 etiam
830 755 1033 803 timemus3
1051 756 1118 794 sed
1136 755 1223 807 plus
1241 760 1277 794 et
1293 767 1471 794 veremur

57 817 95 852 et
113 812 298 852 timemus
325 812 418 852 deos
440 812 713 851 inmortales.“

171 868 266 908 Cum
288 869 460 908 adsensu
479 868 670 908 maximae
690 868 811 920 partis
829 873 888 907 est
903 868 1070 915 auditus,
1089 872 1126 907 et
1141 867 1314 907 locutum
1333 879 1468 906 omnes

56 937 130 977 pro
153 925 352 964 maiestate
373 925 622 977 magistratus
645 925 868 972 censebant,
890 930 933 964 ut
951 925 1062 964 facile
1084 924 1287 976 adpareret
1303 924 1471 963 molliter

54 981 204 1032 agendo
223 981 445 1033 dignitatem
465 994 575 1021 suam
592 988 723 1021 tenere
739 982 940 1021 Romanos
958 991 1039 1021 non
1057 994 1188 1032 posse.
1220 986 1303 1020 tum
1322 980 1469 1033 Appius

55 1038 218 1078 suadere
236 1051 278 1077 se
296 1050 533 1091 magnopere
549 1039 710 1078 Achaeis
727 1038 832 1084 dixit,
850 1043 906 1086 ut,
925 1039 1017 1077 dum
1039 1038 1171 1077 liceret
1187 1037 1384 1077 voluntate.
1400 1050 1469 1077 sua

53 1095 192 1142 facere,
215 1096 373 1146 gratiam
396 1096 550 1142 inirent,
571 1107 620 1134 ne
640 1108 733 1134 mox
748 1095 856 1134 inviti
873 1100 912 1134 et
928 1095 1051 1134 coacti
1065 1095 1249 1134 facerent.
1287 1095 1381 1133 haec
1396 1107 1470 1133 vox

54 1151 183 1190 audita
203 1151 358 1202 quidem
381 1164 467 1190 cum
491 1151 666 1191 omnium
688 1152 832 1202 gemitu
853 1157 929 1198 est,
953 1152 1021 1190 sed
1040 1156 1185 1190 metum
1203 1151 1331 1190 iniecit
1346 1151 1471 1202 impe-

54 1212 136 1247 rata
156 1208 372 1247 recusandi.
411 1208 448 1246 id
471 1208 590 1247 modo
612 1208 817 1258 petierunt,
835 1213 876 1246 ut
893 1207 1057 1246 Romani
1075 1220 1171 1258 quae
1187 1207 1409 1246 viderentur
1425 1208 1471 1246 de
1500 1215 1506 1223 ·

54 1263 371 1303 Lacedaemoniis
385 1269 581 1303 mutarent
594 1276 666 1303 nec
678 1265 852 1304 Achaeos
866 1264 1049 1314 religione
1063 1264 1352 1315 obstringerent
1365 1264 1472 1303 irrita

6 1413 10 1416 ³
55 1380 129 1407 ten:
164 1385 261 1407 weun
291 1376 341 1407 ich
375 1376 464 1407 nicht
494 1375 608 1415 (durch
644 1385 725 1407 cuer

54 1418 252 1459 Verfahren‚
271 1431 392 1453 euercn
410 1420 620 1461 Uebermuth)
640 1422 723 1453 dazu

55 1467 230 1506 genb‘thigt
253 1466 380 1508 werde,
404 1466 456 1498 bin
482 1467 531 1498 ich
556 1467 645 1498 nicht
662 1477 723 1497 un-

53 1511 160 1552 willig
191 1511 354 1551 dariiber3
390 1512 470 1543 doch
500 1512 545 1543 ist
572 1513 632 1543 der
662 1510 727 1543 Ge-

55 1555 162 1588 danke
184 1557 249 1589 und
273 1556 450 1589 Ausdruck
474 1558 629 1598 gesucht,
659 1557 725 1597 vgl.

55 1601 109 1642 37,
128 1601 181 1642 54,
200 1602 253 1634 25.
271 1620 313 1625 —
337 1602 398 1635 sed
419 1607 495 1642 etc,
521 1603 571 1634 ihr
594 1602 727 1634 wtirdet

55 1647 140 1679 mich
156 1647 237 1679 aber
254 1648 405 1688 zwingen
419 1648 569 1687 unwillig
583 1658 624 1678 zu
638 1657 725 1679 wer-

57 1692 131 1732 den,
148 1701 244 1723 wenn
263 1692 314 1724 ihr
330 1703 452 1724 unsere
469 1692 724 1732 gemeinschaft-

56 1736 163 1768 liehen
180 1736 304 1768 Feindc
322 1747 384 1768 uns
398 1738 505 1777 gleich
526 1737 668 1769 stclltet.
681 1755 726 1761 —

56 1782 90 1813 in
117 1791 235 1824 aequo,
267 1780 370 1824 praef.
397 1782 428 1813 3.
452 1800 497 1805 —
523 1783 636 1824 immo,
667 1782 724 1814 das

56 1826 148 1858 wiire
167 1827 247 1858 noch
266 1838 306 1858 zu
327 1827 445 1868 wenig,
464 1827 636 1868 vielmehr,
655 1837 682 1859 s,
697 1838 725 1859 c.

56 1871 111 1912 40,
136 1871 174 1911 73
198 1870 252 1912 35,
276 1872 329 1912 49,
364 1871 415 1903 13.
437 1890 481 1895 -
498 1873 647 1913 Achaici,
665 1871 686 1914 ξ
705 1873 722 1904 7

54 1918 176 1949 nostri.
209 1916 268 1948 Die
287 1917 384 1949 Form
403 1918 532 1949 Achaei
549 1918 639 1949 w'zire
662 1928 724 1949 uu-

55 1961 269 2002 gewiihnlich.
296 1981 339 1985 —
360 1973 484 2006 parum
509 1974 549 2004 e.,
582 1962 642 2003 38,
671 1963 723 2004 14,

104 2051 234 2084 16-17.
254 2052 360 2093 Sogar
377 2063 519 2085 unseren
536 2053 596 2085 Eid
615 2053 722 2085 sollcn

56 2097 119 2130 wir
166 2097 320 2130 brechen.
364 2116 408 2122 —
450 2109 600 2131 monum.
648 2104 723 2138 etc„

55 2143 330 2175 wahrscheinlich
368 2145 412 2176 ist
449 2145 506 2176 das
541 2145 725 2176 Document

55 2188 115 2220 des
167 2188 379 2230 Biindnisses,
428 2190 528 2222 durch
579 2190 725 2222 welches

55 2232 174 2276 Sparta
193 2233 223 2265 in
243 2234 304 2265 den
322 2235 517 2267 achiiischen
538 2235 626 2267 Bund
650 2234 726 2267 auf-

56 2289 248 2320 genommen
273 2280 404 2320 wurde,
428 2281 589 2320 gcmeint3
615 2281 724 2313 dieses

57 2334 128 2356 war
145 2324 231 2355 wohl
254 2323 314 2355 auf
333 2325 406 2356 eine
424 2325 524 2357 Siiule
549 2326 724 2367 eingegru-

56 2369 132 2409 ben,
150 2379 176 2401 s.
196 2369 311 2412 Polyb.
328 2370 358 2410 5,
377 2370 417 2401 93
433 2375 533 2410 extr.,
552 2371 605 2412 25,
623 2371 641 2401 3
662 2369 725 2413 τὴν

55 2412 153 2458 πρὸς
175 2417 417 2456 ΙΙῙεσσηνίους
445 2413 589 2457 στήλην,
622 2416 664 2448 ib.
689 2417 724 2448 2:
752 2412 755 2416 ¹

59 2457 191 2502 στήλης
209 2462 506 2505 προγραφείσης,
528 2461 581 2502 24,
599 2461 619 2493 4
637 2472 667 2493 u.
682 2472 724 2501 a.,

58 2505 123 2537 und
142 2505 172 2537 in
190 2506 261 2537 deni
280 2505 415 2548 Tempe}
435 2517 476 2538 zu
494 2506 632 2547 Aegium
654 2506 726 2538 nus-

58 2550 207 2592 gestellt,
232 2551 333 2582 daher
349 2554 479 2593 sancta,
502 2552 564 2584 den
583 2551 725 2584 Giittcrn

59 2593 256 2638 empfohlen,
284 2601 381 2628 unter
404 2598 495 2628 ihren
520 2597 643 2630 Schutz
667 2609 726 2639 ge-

59 2641 169 2682 stent,
193 2645 344 2684 sacrata,
367 2643 527 2683 gcweiht,
551 2648 725 2675 unantast-

798 1376 867 1416 bar,
895 1375 926 1415 3,
955 1375 1006 1413 19,
1031 1375 1083 1407 10.
1107 1394 1148 1398 —
1174 1386 1248 1408 cum
1272 1386 1334 1419 per
1357 1388 1403 1416 n.‚
1434 1386 1469 1407 su

798 1422 875 1453 dass
900 1421 962 1452 wir
986 1420 1080 1453 dubei
1097 1439 1141 1444 -—-
1159 1432 1221 1452 uns
1246 1432 1287 1452 zu
1306 1421 1470 1453 Schuldcu

797 1467 947 1498 kommen
966 1466 1089 1498 lassen.
1107 1484 1150 1489 —
1168 1477 1336 1506 veremur,
1361 1467 1472 1498 Aner-

798 1513 956 1552 kennung
978 1512 1037 1543 der
1061 1512 1190 1552 Hoheit,
1214 1511 1267 1553 33,
1294 1511 1405 1552 31,.8;
1431 1515 1473 1544 ti-

798 1568 912 1597 mem.,
931 1567 957 1588 c.
978 1556 1031 1597 25,
1052 1557 1102 1588 15.

848 1602 980 1634 18-21.
996 1604 1143 1640 maiest„
1164 1603 1227 1634 wie
1242 1603 1294 1634 die
1309 1604 1470 1634 maiestas

797 1648 857 1679 der
874 1646 1018 1679 Consuln
1037 1659 1069 1679 u.
1094 1657 1137 1687 a.‚
1162 1658 1189 1679 s.
1219 1647 1270 1689 26,
1298 1648 1351 1687 31,
1381 1649 1408 1679 1.
1428 1666 1471 1670 —-

798 1693 957 1735 dignitas,
976 1693 1033 1724 das
1048 1693 1202 1724 Ansehen
1222 1693 1252 1724 in
1267 1693 1326 1724 dcr
1343 1693 1470 1724 Durch-

800 1738 943 1778 ffihrung
961 1738 1050 1769 ihrer
1069 1737 1325 1781 Forderungen,
1350 1738 1468 1770 milde-

799 1793 855 1814 rer
872 1783 1047 1814 Ausdruck
1072 1782 1125 1814 fiir
1147 1786 1346 1826 imperium3
1371 1782 1392 1825 ξ
1419 1783 1471 1815 13.

797 1846 841 1850 —
852 1827 1025 1868 t·olunt.s.,
1040 1828 1092 1867 36,
1111 1827 1162 1869 12,
1178 1829 1363 1870 (5.—-grat.
1378 1829 1469 1867 initu,

798 1873 865 1904 sich
884 1874 944 1904 den
962 1873 1054 1905 Dank
1073 1873 1258 1913 erwerbcn,
1277 1874 1328 1905 die
1350 1873 1471 1905 Riimer

797 1918 981 1950 sreundlich
1011 1929 1116 1958 gegen
1144 1919 1212 1950 sich
1242 1919 1403 1950 stimmen.
1428 1937 1470 1942 —

797 1963 929 2006 quidem
951 1964 1071 2004 gehiirt
1095 1974 1135 1994 zu
1161 1964 1233 1995 dem
1257 1974 1384 2004 ganzen
1411 1964 1471 1996 Bc-

797 2009 909 2049 griffe:
940 2008 1060 2041 andita
1091 2019 1167 2041 cum
1197 2020 1260 2041 om.
1288 2020 1379 2051 gem.
1409 2013 1469 2050 est,

796 2054 980 2086 besonders
998 2053 1079 2086 aber
1092 2065 1133 2086 zu
1148 2064 1235 2088 omn.
1247 2057 1388 2097 gemitu,
1407 2056 1469 2086 wic

802 2100 862 2131 der
881 2099 961 2140 Ggs.
987 2100 1086 2140 zeigt.
1103 2118 1148 2123 —
1168 2103 1295 2132 metum
1320 2101 1391 2141 ιἠιῖ,
1417 2101 1468 2132 dic

794 2144 958 2186 jiingeren
984 2145 1059 2177 llss.
1085 2145 1188 2177 haben
1214 2148 1306 2178 metu
1336 2147 1468 2184 iniecto,

800 2200 868 2222 was
888 2191 947 2222 mit
968 2193 1141 2234 petierunt
1164 2190 1467 2233 verbunden-wei·-

798 2236 859 2267 den
885 2236 1019 2268 kiinnte.
1039 2253 1082 2259 —-
1108 2247 1230 2277 recus.‚
1253 2247 1316 2267 von
1342 2239 1467 2268 metum

797 2281 968 2322 abfflingig,
988 2282 1051 2313 wie
1068 2281 1122 2321 21,
1141 2281 1194 2321 35,
1214 2282 1252 2320 33
1272 2281 1353 2313 Sall.
1373 2281 1396 2313 l.
1415 2281 1468 2319 3³⁵»,

798 2326 829 2359 9.
844 2345 888 2350 -—
900 2326 1060 2359 viderent.
1079 2338 1108 2358 n.
1123 2326 1289 2359 mutanda
1302 2338 1375 2358 csso
1389 2326 1468 2356 oder

798 2374 892 2415 ipsis,
922 2372 973 2403 die
1006 2370 1204 2413 Aushebung
1237 2373 1295 2403 der
1328 2371 1468 2403 Rechts-

798 2417 992 2458 gleichheit,
1018 2417 1234 2457 llerstellung
1257 2418 1316 2448 der
1339 2417 1468 2457 lycurg.

798 2461 1017 2503 Vei-fassung,
1033 2462 1217 2504 iiberhaupt
1230 2463 1302 2493 eine
1313 2461 1468 2492 {tt-vision

800 2508 858 2539 des
878 2508 1062 2548 Vertrages
1081 2508 1139 2539 mit
1158 2509 1289 2549 Sparta.
1311 2525 1350 2528 ψ
1370 2505 1468 2547 relig.

802 2554 897 2595 οὐκ,
928 2554 979 2584 ihr
1007 2553 1179 2585 Gewisscn
1213 2552 1300 2582 nicht
1331 2551 1468 2583 beliisti-

799 2609 861 2637 gen
885 2599 1047 2638 dudurch,
1072 2599 1147 2629 dass
1172 2597 1220 2627 sie
1239 2597 1300 2627 den
1319 2596 1468 2635 Schwur,

799 2643 820 2685 ξ
842 2642 923 2684 Ιῦΐ.,
943 2643 1102 2681 brcclicn3
1123 2643 1182 2673 der
1200 2641 1330 2673 Gewalt
1349 2641 1466 2673 wollen

1500 422 1539 454 15
