1712 2825
89 206 115 224 a.
137 198 190 224 Ch.
213 198 273 223 174.

488 184 617 218 LIBER
640 184 807 217 XXXXI.
855 184 950 218 CAP.
972 185 1026 217 24.
1045 185 1100 219 25.

1419 188 1503 228 263

93 303 175 330 non
195 290 331 341 agitur,
354 287 583 334 Callicrates,
606 286 920 326 simulaverimus
943 286 1021 337 agi3
1048 299 1164 326 nemo
1187 300 1310 327 novae
1336 289 1504 328 societa-

90 347 141 387 tis
162 352 228 386 aut
246 344 334 385 novi
354 343 536 391 foederis,
557 356 634 395 quo
655 355 730 382 nos
752 348 897 382 temere
913 343 1131 394 inligemus,
1153 345 1423 385 conscribendi
1445 351 1504 385 est
1535 353 1576 385 16

94 407 238 449 auctor,
268 400 336 439 sed
365 400 645 439 commercium
675 405 827 439 tantum
853 400 947 439 iuris
984 400 1192 451 praebendi
1228 403 1505 453 repetendique

93 460 155 508 sit,
175 469 225 497 ne
244 456 516 496 interdictione
536 457 671 496 finium
693 462 853 496 nostros
877 469 1032 507 quoque
1062 462 1100 495 et
1127 468 1202 495 nos
1230 469 1351 507 regno
1374 471 1504 498 arcea-

91 526 193 559 mus,
217 525 267 552 ne
295 513 417 552 servis
445 514 594 552 nostris
623 513 748 565 aliquo
779 513 912 564 fugere
938 513 1060 552 liceat.
1103 513 1196 565 quid
1223 513 1299 552 hoc
1320 515 1504 554 adversus
1536 523 1576 555 17

89 571 267 610 Romana
286 569 445 609 foedera
465 568 554 609 est?
591 570 681 622 quid
702 582 785 608 rem
808 582 968 621 parvam
997 575 1035 608 et
1055 574 1229 620 apertam
1259 582 1442 621 magnam
1469 576 1507 610 et

92 632 314 678 suspectam
335 626 499 665 facimus
513 624 534 665 ?
576 627 667 678 quid
690 638 807 665 vanos
825 626 1014 665 tumultus
1034 624 1214 665 ciemus‘?
1252 626 1343 677 quid
1364 633 1408 666 ut
1430 627 1506 678 ipsi
1537 632 1577 665 18

89 683 218 722 locum
240 683 471 722 adsentandi
487 683 675 722 Romanis
693 683 917 731 habeamus,
941 687 1148 734 suspectos
1167 683 1262 722 alios
1279 683 1506 734 invisosque

90 738 313 779 efficimus?
353 740 385 778 si
407 739 552 779 bellum
575 740 658 787 erit,
681 752 730 778 ne
751 739 919 779 Perseus
942 739 1097 790 quidem
1121 739 1283 787 dubitat,
1306 739 1400 791 quin
1421 740 1506 779 Ro—

90 808 230 836 manos
252 796 422 835 secuturi
445 797 582 835 simus.
623 798 662 836 in
679 809 773 847 pace
795 797 910 835 etiam
934 797 966 835 si
993 808 1074 834 non
1101 796 1292 835 finiuntur
1315 797 1415 843 odia,
1445 796 1509 835 in-

90 853 394 892 termittantur.“
437 865 526 892 cum
548 853 649 892 idem
670 852 762 891 huic
783 853 964 899 orationi,
987 853 1054 903 qui
1074 852 1210 891 litteris
1232 853 1334 904 regis
1352 853 1508 892 adsensi
1540 859 1580 892 19

92 915 213 956 erant,
242 909 542 956 adsentirentur,
576 909 840 960 indignatione
875 910 1112 961 principum,
1143 910 1247 961 quod
1279 922 1395 961 quam
1424 921 1507 949 rem

91 978 140 1006 ne
171 966 362 1017 legatione
394 966 550 1017 quidem
582 966 736 1017 dignam
768 966 978 1005 iudicasset
1007 966 1197 1014 Perseus,
1237 966 1373 1006 litteris
1408 978 1507 1017 pau-

92 1034 229 1062 corum
261 1035 445 1062 versuum
480 1023 716 1074 impetraret,
749 1023 946 1062 decretum
983 1022 1170 1062 differtur.
1226 1022 1339 1074 legati
1370 1022 1508 1062 deinde
1536 1030 1580 1063 20

91 1084 228 1130 postea
249 1080 361 1118 missi
389 1080 435 1118 ab
457 1091 559 1130 rege,
590 1092 676 1119 cum
707 1079 937 1131 Megalopoli
966 1079 1171 1118 concilium
1200 1084 1316 1126 esset,
1346 1078 1508 1130 dataque

94 1147 212 1186 opera
240 1141 300 1174 est
327 1135 373 1174 ab
403 1136 462 1183 iis,
493 1136 558 1186 qui
587 1135 844 1175 offensionem
873 1136 975 1187 apud
997 1135 1201 1175 Romanos
1228 1135 1428 1182 timebant,
1459 1146 1508 1174 ne

93 1191 400 1231 admitterentur.

206 1249 281 1287 Per
302 1249 396 1287 haec
415 1253 592 1300 tempora
623 1248 849 1287 Aetolorum
878 1248 918 1287 in
945 1254 1068 1287 semet
1094 1248 1204 1300 ipsos
1234 1261 1367 1288 versus
1396 1248 1507 1288 furor
1534 1252 1591 1291 25

90 1397 164 1438 agi,
188 1396 239 1427 die
264 1395 320 1427 Hs.
347 1395 403 1426 hat
425 1405 481 1434 ac,
505 1404 575 1426 was
593 1395 683 1426 nicht
700 1395 764 1426 wie

91 1439 112 1483 ξ
136 1441 155 1472 6
178 1450 370 1482 genommen
399 1441 534 1472 werden
561 1440 697 1471 ko'nnte.
719 1458 765 1463 —

90 1487 204 1518 societ.
228 1485 410 1528 autsoed.,
428 1496 454 1517 s.
474 1485 528 1526 39,
548 1485 601 1525 37,
623 1485 679 1524 103
704 1488 766 1517 aut

91 1532 170 1563 weil
196 1532 257 1563 der
285 1530 443 1563 Gedanke
474 1531 608 1571 negativ
638 1531 694 1562 ist.
719 1548 764 1553 —

90 1577 198 1619 integ„
216 1576 270 1617 42,
289 1576 343 1617 23,
363 1576 400 1614 33
420 1575 474 1616 32,
492 1575 544 1617 22,
562 1575 595 1607 11
613 1587 619 1610 ;
640 1575 692 1616 33,
710 1575 763 1616 12,

94 1621 146 1654 13.
169 1640 215 1645 —
237 1632 414 1654 commerc.
431 1640 453 1644 —
468 1621 657 1664 repetendi,
686 1620 763 1653 Um-

92 1667 291 1707 schreibung
331 1677 396 1698 von
432 1666 763 1708 Recuperatorenge-

92 1712 230 1753 riehten,
253 1712 305 1743 bei
323 1712 428 1743 denen
447 1712 499 1743 ein
517 1711 763 1752 gegenseitiges

92 1756 421 1789 Rechtsverbiiltniss
504 1760 765 1796 vorausgesetzt

91 1803 192 1841 wird,
218 1813 244 1834 s.
270 1801 328 1844 39,
353 1801 577 1844 26,14:3⁶3‚
595 1800 654 1840 38,
676 1800 764 1835 1111:

91 1846 234 1880 Rudorff
255 1847 292 1887 2,
322 1847 356 1878 S.
383 1846 437 1878 35.
460 1864 506 1869 —-
528 1849 681 1887 nostros,
711 1847 764 1878 die

92 1893 219 1933 Biirger
235 1893 296 1924 der
312 1892 507 1924 acha'isehen
527 1892 680 1933 Staaten,
701 1902 764 1924 nos

91 1938 158 1970 wol
175 1939 228 1970 die
245 1939 415 1982 principes
438 1936 459 1979 ᾖ
481 1936 538 1970 19:
564 1940 763 1969 nostr-orum

92 1984 307 2026 nachfinz'um
321 1989 524 2015 zuzusetzen
538 1983 765 2014 scheintnicht

91 2029 217 2070 nb'thig‚
237 2039 262 2061 s.
278 2040 306 2061 c.
325 2028 377 2070 23,
400 2028 428 2060 l.
446 2047 487 2051 —
506 2028 629 2070 aliquo,
649 2028 764 2069 irgend

92 2074 187 2106 einen
217 2075 269 2106 als
298 2074 447 2105 wirklich
478 2074 659 2114 gedachten
691 2073 764 2115 Ort,

92 2119 300 2160 gewiihnlich
328 2131 370 2151 ne
397 2121 489 2161 quis,
519 2130 582 2162 quo
611 2129 693 2150 usw.
720 2137 764 2142 —-

92 2164 174 2208 quid
205 2165 267 2196 hoc
302 2165 346 2196 ist
380 2165 445 2196 wol
474 2175 514 2195 zu
544 2165 699 2196 nehmen:
732 2165 762 2195 in

92 2209 240 2241 welcher
254 2209 450 2250 Beziehung,
464 2210 505 2241 im
520 2209 613 2249 Folg.
628 2210 671 2241 ist
684 2209 765 2251 quid

93 2265 230 2286 warum.
249 2255 472 2296 —sace'nms,
498 2255 763 2294 communicativ,

93 2310 146 2332 um
177 2300 267 2332 nicht
296 2300 443 2341 tusace's
469 2310 510 2330 zu
534 2310 653 2340 angen,
681 2300 763 2331 auch

93 2344 146 2377 bei
176 2347 243 2389 ipsi
265 2345 308 2377 ist
333 2355 373 2376 an
397 2344 594 2376 Callicrates
619 2355 660 2376 zu
683 2345 763 2376 den-

93 2389 169 2423 ken.
189 2409 230 2414 -—
255 2391 413 2433 el'fice'm„
442 2399 469 2420 s.
496 2390 553 2432 40,
584 2389 638 2430 13,
666 2389 696 2421 6.
720 2408 765 2413 -

95 2437 195 2468 oliam
213 2437 245 2468 si
255 2436 466 2478 -finiuntur,
485 2435 540 2474 40,
562 2434 612 2473 15,
634 2435 689 2473 153
709 2434 764 2475 24,

95 2479 155 2520 34,
182 2481 217 2512 11
239 2491 269 2513 u.
288 2491 334 2522 a.‚
361 2480 448 2517 odia,
473 2480 503 2511 in
523 2481 582 2512 der
600 2480 656 2512 Hs.
675 2481 765 2512 steht

95 2525 170 2558 odio
185 2527 264 2557 nach
278 2537 356 2566 nrm,
371 2536 406 2558 es
421 2525 505 2557 kann
518 2526 689 2557 entweder
703 2535 765 2557 vor

93 2570 205 2603 dieses
219 2571 300 2603 oder
312 2572 429 2603 besser
442 2581 503 2602 vor
513 2572 688 2613 finiuntur·
705 2582 763 2613 ge-

95 2616 191 2648 stent
208 2615 353 2659 werden,
373 2617 440 2657 vgl.
458 2615 512 2658 40,
531 2616 585 2658 46,
606 2616 657 2648 11.

885 1395 1017 1427 19-20.
1043 1395 1184 1427 adsensa·
1198 1406 1262 1433 ern,
1281 1396 1340 1427 das
1357 1396 1430 1427 hds.
1447 1395 1508 1428 ad-

836 1443 1025 1473 seutierant
1057 1440 1143 1472 kann
1178 1441 1375 1472 schwerlich
1406 1441 1508 1473 durch

835 1487 1024 1518 assentiere
1047 1485 1099 1518 bei
1122 1486 1218 1528 Apul.
1241 1485 1322 1518 Met.
1347 1486 1385 1525 7,
1405 1487 1423 1517 5
1448 1497 1509 1527 ge-

837 1531 971 1562 schiitzt
1007 1532 1155 1562 werden.
1187 1550 1231 1554 —
1264 1531 1509 1573 indignatione,

836 1576 868 1608 in
886 1575 1125 1618 Folge,s.33‚
1148 1576 1203 1617 10,
1222 1576 1260 1611 3;
1287 1576 1347 1616 31,
1367 1575 1426 1617 21,
1448 1577 1506 1609 11:

836 1621 889 1659 38,
910 1621 964 1661 39,
985 1621 1042 1653 10:
1066 1621 1157 1664 quod
1172 1626 1235 1653 etc.
1254 1623 1298 1654 ist
1315 1622 1399 1653 dazu
1416 1623 1509 1654 mehr

836 1666 1051 1708 Epexegese,
1093 1666 1143 1698 als
1175 1667 1380 1707 abhiingiger
1416 1666 1507 1706 Satz,

837 1712 900 1743 wie
919 1711 971 1743 bei
987 1714 1081 1743 metu
1097 1723 1139 1743 ne
1153 1711 1205 1754 35,
1224 1711 1276 1751 30,
1295 1711 1313 1743 3
1332 1722 1363 1743 u.
1381 1722 1410 1743 a.
1440 1711 1509 1744 Der

836 1757 949 1788 wahre
984 1755 1098 1788 Grund
1131 1757 1192 1788 der
1219 1756 1509 1799 Zuriickweisung

837 1802 881 1833 ist
900 1801 965 1832 wol
991 1802 1021 1832 in
1048 1801 1139 1834 idem
1155 1821 1177 1824 —
1193 1802 1450 1835 adsentirentur
1466 1813 1508 1834 zu

838 1847 976 1888 suchen,
1001 1857 1028 1878 s.
1054 1845 1074 1888 ἓ
1094 1847 1147 1879 20.
1165 1865 1208 1870 —
1223 1849 1380 1891 princip„
1397 1848 1508 1879 wahr-

837 1892 1016 1924 scheinlich
1043 1893 1114 1923 sind
1142 1893 1303 1925 zuniichst
1330 1893 1382 1924 die
1407 1892 1510 1934 Magi-

837 1942 961 1977 strate,
985 1937 1037 1968 die
1055 1937 1274 1978 Damiurgen,
1294 1938 1456 1978 gemeint,
1481 1949 1509 1970 s.

838 1982 899 2023 32,
917 1982 1100 2023 21‚1:ib.
1119 1982 1173 2022 22,
1193 1983 1230 2017 2:
1257 1983 1316 2023 35,
1335 1983 1395 2023 25,
1415 1983 1446 2015 6.
1464 2001 1509 2007 —

836 2038 1014 2068 versuum,
1041 2027 1169 2060 Zeilen.
1191 2047 1234 2052 -—
1256 2029 1447 2069 decretum,
1472 2039 1508 2061 es

836 2074 920 2105 wird
942 2073 1038 2105 dabei
1062 2079 1335 2114 vorausgesetzt‚
1359 2075 1436 2106 dass
1454 2074 1507 2106 ein

836 2119 1014 2151 Beschluss
1033 2119 1113 2150 habe
1131 2118 1260 2159 gefasst
1277 2120 1411 2151 werden
1427 2119 1509 2151 ko'n-

837 2175 918 2199 nen:
943 2174 979 2195 es
1005 2164 1049 2196 ist
1064 2164 1136 2196 also
1155 2165 1228 2196 eine
1245 2165 1509 2205 gesetzmiissige

835 2209 1108 2249 Versanimlung,
1139 2210 1228 2242 nicht
1251 2210 1324 2241 eine
1350 2210 1424 2242 blos
1449 2220 1507 2241 zu-

836 2253 951 2295 sallige
982 2253 1287 2287 Zusammenkunft.
1317 2273 1362 2278 —
1391 2254 1509 2287 deinde

834 2303 971 2344 postea,
995 2300 1062 2332 Cic.
1082 2299 1150 2332 Mil.
1171 2300 1229 2340 24,
1256 2300 1297 2331 65
1322 2311 1353 2332 u.
1372 2311 1420 2340 a.‚
1445 2300 1508 2330 wie

838 2348 948 2387 itaque
966 2356 1050 2387 ergo
1067 2346 1098 2384 9,
1117 2344 1170 2388 31,
1192 2345 1242 2385 16,
1261 2345 1327 2385 vgl.
1344 2345 1397 2381 42,
1417 2344 1470 2384 50,
1488 2344 1508 2375 4

838 2402 869 2423 u.
888 2392 918 2423 ii.
934 2409 979 2413 —
997 2392 1120 2431 qlleus.
1139 2402 1210 2435 ap.,
1235 2391 1323 2421 nicht
1342 2401 1383 2420 ne
1400 2390 1509 2430 offen-

837 2436 965 2477 det-ene,
985 2435 1059 2467 weil
1075 2447 1117 2467 ne
1135 2436 1280 2477 sogleich
1300 2433 1393 2474 folgt.

883 2521 955 2559 25.
996 2526 1228 2559 Verhiiltnisse
1270 2525 1300 2555 in
1341 2523 1508 2565 Aetolien,

837 2572 946 2612 Creta,
966 2572 992 2604 L
1010 2573 1103 2604 'cien.
1132 2569 1249 2612 Polyb.
1269 2569 1321 2611 30,
1339 2568 1397 2606 14;
1414 2569 1507 2602 Diod.

837 2617 900 2650 Sic.
921 2617 976 2659 29,
1018 2616 1048 2648 6.
