1712 2825
96 246 151 286 30

179 145 231 185 58
587 141 736 174 >LIBER
760 141 925 174 XXXIX.
974 140 1068 173 CAP.
1094 140 1147 172 30.

1423 156 1450 174 a.
1471 156 1498 175 u.
1522 147 1584 176 569.

290 244 436 284 Eodem
454 255 556 284 anno
573 244 612 283 in
628 243 811 295 Hispania
829 248 1029 295 praetores
1046 242 1085 281 C.
1104 241 1333 293 Calpurnius
1349 245 1387 280 et
1401 240 1443 280 L.
1462 241 1587 288 Quin-

179 303 289 348 etius,
313 313 400 340 cum
421 301 549 352 primo
571 313 658 340 vere
678 313 722 339 ex
739 299 911 339 hibernis
929 299 1061 350 copias
1079 298 1234 338 eductas
1251 298 1290 338 in
1305 297 1482 337 Baeturia
1498 297 1587 336 iun-

177 359 337 405 xissent‚
358 357 398 396 in
414 356 692 409 Carpetaniam,
712 356 777 396 ubi
797 355 970 395 hostium
993 359 1116 394 castra
1137 360 1257 402 erant,
1277 353 1478 406 progressi
1497 358 1590 393 sunt

129 423 149 455 2
179 414 377 454 communi
397 414 528 453 animo
552 413 794 465 consilioque
814 411 938 464 parati
959 423 1040 450 rem
1063 423 1208 462 gerere.
1243 411 1345 450 haud
1366 410 1505 462 procul
1521 409 1586 450 Di-

176 483 280 522 pone
300 475 338 510 et
357 470 494 510 Toleto
520 469 681 509 urbibus
703 469 802 509 inter
822 468 1066 520 pabulatores
1088 479 1219 519 pugna
1240 473 1324 506 orta
1345 472 1421 514 est,
1444 466 1587 518 quibus

177 527 269 567 dum
298 526 494 578 utrimque
520 526 746 566 subvenitur
774 539 794 566 a
821 524 980 571 castris,
1008 523 1192 576 paulatim
1222 535 1358 562 omnes
1389 522 1521 574 copiae
1547 522 1586 562 in

130 590 149 623 3
177 583 297 623 aciem
325 583 484 623 eductae
512 588 616 623 sunt.
653 583 692 621 in
721 595 766 621 eo
794 581 1044 621 tumultuario
1077 580 1284 619 certamine
1305 584 1343 619 et
1361 579 1446 619 loca
1467 591 1534 618 sua
1551 583 1589 618 et

79 640 87 643 ”
176 652 299 692 genus
321 652 473 691 pugnae
493 652 565 691 pro
587 640 700 678 hoste
718 638 838 678 fuere.
880 637 956 676 duo
979 637 1168 676 exercitus
1190 636 1356 676 Romani
1375 635 1453 676 fusi
1474 641 1588 687 atque

127 703 149 736 4
176 696 217 736 in
239 702 362 736 castra
383 696 574 748 compulsi
596 700 698 735 sunt.
738 707 818 734 non
840 694 1014 733 institere
1033 693 1220 746 perculsis
1241 693 1389 732 hostes.
1429 698 1589 743 praeto-

176 765 238 792 res
253 753 430 801 Romani,
450 765 500 792 ne
521 758 678 805 postero
701 752 762 791 die
783 756 907 791 castra
929 750 1259 802 obpugnarentur,
1280 748 1433 789 silentio
1450 748 1591 801 proxi-

128 817 149 849 5
175 821 262 849 mae
291 810 418 849 noctis
446 810 561 849 tacito
593 809 703 860 signo
732 807 943 848 exercitum
973 807 1227 847 abduxerunt.
1267 806 1350 846 luce
1367 805 1496 857 'prima
1517 804 1587 844 Hi-

177 866 288 918 spani
309 866 388 905 acie
409 866 595 906 instructa
616 865 662 905 ad
678 865 820 904 vallum
838 869 1085 904 accesserunt
1100 875 1294 914 vacuaque
1308 866 1460 915 praeter
1475 873 1587 913 spem

176 928 299 962 castra
320 922 496 973 ingressi,
521 935 616 974 quae
636 922 765 961 relicta
786 921 885 960 inter
905 926 1135 960 nocturnam
1151 919 1451 971 trepidationem
1467 921 1587 965 erant,

177 978 420 1030 diripuerunt
439 979 687 1029 regressique
704 978 743 1017 in
760 982 885 1017 castra
901 989 971 1016 sua
987 989 1134 1028 paucos
1152 976 1231 1016 dies
1249 975 1366 1028 quieti
1383 975 1422 1014 in
1438 974 1588 1014 stativis

128 1042 148 1074 6
174 1040 414 1075 manserunt.
445 1036 714 1075 Romanorum
729 1034 1004 1085 sociorumque
1020 1034 1059 1073 in
1073 1033 1221 1084 proelio
1234 1032 1399 1084 fugaque
1413 1031 1461 1071 ad
1474 1031 1588 1083 quin-

177 1104 251 1142 que
278 1091 381 1131 milia
411 1092 559 1137 occisa,
590 1103 757 1142 quorum
787 1103 829 1129 se
857 1090 994 1141 spoliis
1023 1090 1160 1128 hostes
1183 1093 1392 1128 armarunt.
1433 1087 1522 1126 inde
1542 1087 1590 1126 ad

129 1150 147 1181 7
178 1147 326 1199 Tagum
349 1147 494 1187 flumen
517 1147 680 1198 profecti
701 1151 801 1185 sunt.
842 1151 1044 1197 praetores
1065 1145 1221 1184 interim
1238 1144 1402 1183 Romani
1419 1155 1534 1183 omne
1549 1143 1588 1184 id

174 1208 330 1255 tempus
360 1203 632 1243 contrahendis
653 1216 698 1242 ex
719 1202 935 1242 civitatibus
957 1203 1073 1241 sociis
1093 1202 1359 1253 Hispanorum
1381 1199 1529 1240 auxiliis
1551 1204 1590 1239 et

174 1260 392 1300 reficiendis
421 1260 467 1299 ab
493 1265 644 1299 terrore
669 1259 852 1299 adversae
872 1270 1024 1311 pugnae
1045 1258 1213 1297 militum
1235 1257 1373 1297 animis
1399 1267 1586 1296 consum—

128 1320 147 1352 8
175 1321 348 1369 pserunt.
372 1316 439 1356 ubi
455 1316 547 1356 satis
560 1316 740 1367 placuere
755 1316 869 1361 vires,
887 1320 924 1354 et
939 1315 1013 1354 iam
1031 1314 1140 1353 miles
1156 1325 1310 1365 quoque
1323 1313 1368 1353 ad
1386 1312 1585 1352 delendam

175 1439 376 1480 Aushebung
399 1439 443 1470 ist
465 1439 529 1470 wol
548 1439 649 1470 durch
669 1439 730 1470 den
750 1437 843 1470 Man-

176 1485 229 1526 gel
258 1494 297 1516 an
327 1484 609 1525 kriegstiichtiger
634 1483 845 1516 Mannschal't

174 1529 381 1569 veranlasst,
407 1539 434 1561 s.
454 1528 633 1561 Mommsen
661 1529 689 1568 1,
708 1528 782 1560 856.
800 1547 844 1552 ——

173 1576 378 1619 proi-incias,
399 1574 479 1606 nach
498 1585 526 1606 c.
545 1574 596 1616 32,
618 1575 646 1615 1,
664 1574 730 1614 vgl.
746 1585 773 1605 c.
789 1574 843 1614 45,

176 1620 212 1661 3,
233 1620 333 1651 sollte
350 1629 422 1651 man
438 1622 646 1663 provinciam
663 1624 842 1651 erwarten.

221 1657 384 1706 30-32,
408 1665 438 1696 4.
475 1663 580 1707 Hrieg
608 1665 638 1696 in
664 1664 842 1705 Hispanien

175 1710 239 1742 und
258 1710 426 1751 Ligurien.

224 1755 308 1787 1-4.
336 1754 510 1799 Calpurni„
531 1765 557 1786 c.
576 1754 629 1794 21,
648 1755 679 1786 5.
713 1754 843 1794 Qm'nct.

176 1811 202 1832 c.
223 1799 260 1839 ὃς
279 1800 330 1832 die
349 1800 542 1841 Erzi'ihlung
558 1798 675 1842 kniipst
692 1809 731 1831 an
748 1810 774 1831 c.
791 1799 844 1840 21,

178 1845 218 1877 10
236 1856 288 1877 an.
307 1863 351 1868 —
374 1846 532 1886 Baetur.‚
558 1846 723 1876 zwischen
743 1845 844 1886 Anas,

175 1890 285 1922 Baetis
304 1890 366 1921 und
385 1891 456 1922 dem
476 1890 601 1928 Moero,
620 1900 645 1921 s.
661 1890 743 1921 Plin.
763 1889 793 1928 3,
816 1890 844 1928 1,

179 1935 230 1966 13.
256 1954 297 1958 —-
323 1934 473 1977 Car-pet„
498 1935 555 1966 das
574 1934 662 1966 lleer
683 1935 744 1966 der
766 1944 843 1975 pro-

175 1979 281 2012 vincia
298 1981 433 2011 citt-rior
447 1980 538 2010 wiire
549 1980 620 2010 also
637 1983 751 2010 zucrst
766 1979 844 2009 weit

175 2025 345 2064 westlicli,
369 2025 452 2056 dann
479 2025 558 2055 nach
577 2024 680 2055 Osten
701 2023 843 2054 zuriick-

176 2080 356 2111 gegungen.
382 2088 419 2092 —
447 2069 590 2112 Dipone,
615 2079 651 2100 so
674 2069 754 2100 oder
771 2068 843 2110 Hy-

174 2126 272 2159 pone,
290 2115 440 2158 Hippone
458 2115 558 2146 haben
578 2114 629 2145 dic
649 2114 735 2153 llss.‚
754 2114 844 2145 nieht

175 2161 340 2204 Hippone,
377 2160 438 2192 wie
469 2159 674 2199 gewiihnlich
707 2159 842 2197 gelesen

177 2206 278 2245 wird3
305 2205 410 2248 llippo
428 2205 509 2236 wird
529 2205 558 2236 in
579 2205 689 2236 dieser
708 2203 842 2243 (legend

176 2252 265 2282 nicht
289 2251 458 2289 erwiihnt,
488 2250 552 2281 wol
577 2250 657 2281 aba-r
682 2250 710 2280 in
737 2250 842 2281 eiocm

176 2296 384 2328 Itinerarium
401 2296 483 2339 Dipo
504 2295 584 2326 odor
597 2295 725 2338 Dipone
739 2295 767 2326 in
784 2295 843 2325 dci·

179 2340 267 2373 Nalm
282 2351 344 2372 von
360 2340 506 2373 Emerita
523 2341 681 2379 Augusta,
697 2350 723 2370 s.
739 2339 844 2371 Ukcrt

178 2386 259 2423 3923
280 2386 309 2417 in
330 2386 459 2418 Bnclicn
478 2396 541 2417 von
558 2385 680 2416 l'linius
699 2385 750 2416 cin
766 2385 843 2428 Ilip-

174 2442 217 2472 po
238 2430 341 2463 xum.
360 2449 403 2455 —
421 2442 494 2471 sua,
515 2441 542 2462 s.
560 2431 611 2470 ⁴2,
630 2430 688 2469 43,
708 2429 743 2469 3,
769 2435 842 2461 ent-

177 2477 318 2518 spriclu„
350 2477 432 2508 kurz
457 2475 679 2515 nusgodriickt
704 2479 785 2506 stati
811 2477 842 2506 et

178 2521 246 2552 loca
301 2523 359 2553 ulti
390 2522 498 2553 hostis
530 2522 745 2559 constiterat,
780 2531 841 2551 sua

311 2578 374 2611 pro
400 2567 512 2607 hosio,
537 2577 563 2598 s.
590 2567 646 2607 2³5,
665 2565 723 2606 33,
748 2566 778 2596 (l.
798 2583 840 2588 —

190 2567 289 2596 —('·.

191 2602 294 2633 SssClw

917 1437 983 1470 duo
1002 1447 1128 1477 exerc„
1146 1437 1197 1468 die
1213 1436 1329 1468 beiden
1345 1436 1511 1477 Legionen
1527 1436 1586 1468 mit

915 1484 1008 1515 ihren
1029 1480 1279 1524 Hiilfstruppen.
1296 1499 1339 1505 —
1355 1484 1454 1514 tacito
1468 1492 1510 1522 s.,
1528 1481 1586 1513 mit

876 1535 880 1538 ’
916 1529 976 1560 der
1003 1527 1122 1559 Parole
1152 1528 1252 1559 durch
1284 1527 1336 1558 die
1365 1532 1498 1559 tessera
1526 1537 1585 1558 an-

917 1573 1093 1613 georduet,
1121 1583 1148 1604 s.
1167 1571 1220 1611 21,
1237 1571 1292 1612 48,
1310 1572 1348 1611 43
1375 1572 1406 1612 5,
1424 1570 1477 1612 36,
1497 1571 1534 1610 ’ῖς
1555 1572 1584 1614 7,

917 1618 970 1657 35,
991 1618 1026 1657 13
1051 1617 1110 1649 Sil.
1126 1617 1164 1649 lt.
1188 1618 1238 1657 15,
1256 1617 1339 1648 478:
1366 1618 1504 1649 tacitum
1528 1616 1588 1649 dat

917 1666 1047 1695 tessera
1068 1665 1223 1705 signium
1253 1662 1313 1694 der
1336 1662 1424 1694 nicht
1445 1662 1504 1694 mit
1527 1661 1586 1693 der

916 1710 1035 1741 bucina
1056 1708 1252 1748 angezeigte
1271 1707 1388 1748 Abzug
1411 1707 1481 1748 galt
1498 1707 1588 1739 nicht

917 1752 970 1785 ffir-
987 1753 1172 1792 ebremou,
1191 1753 1245 1794 21,
1263 1753 1317 1792 47,
1337 1752 1367 1784 2.

963 1798 1072 1830 5—10.
1104 1798 1236 1838 relicta,
1268 1808 1329 1829 nur
1357 1797 1408 1829 die
1438 1796 1503 1828 Mz.
1527 1796 1584 1829 Hs.

917 1845 973 1876 hat
990 1843 1164 1881 derelicta,
1190 1852 1258 1874 was
1279 1842 1348 1873 sicli
1366 1846 1461 1873 sonst
1478 1841 1528 1873 bei
1545 1841 1583 1873 L.

918 1889 1007 1920 nicht
1030 1899 1069 1919 zu
1095 1888 1201 1919 finden
1226 1887 1370 1927 scheint‚
1397 1886 1464 1927 vgl.
1484 1896 1511 1918 c.
1531 1885 1583 1929 26,

916 1933 951 1964 4:
978 1932 1210 1964 deridiculum.
1237 1950 1281 1954 —
1298 1933 1365 1974 qui.
1385 1933 1418 1963 in
1441 1933 1584 1973 stativis,

918 1979 1001 2009 ohne
1016 1982 1121 2009 etwas
1136 1987 1239 2017 gegen
1251 1977 1311 2008 den
1323 1976 1425 2008 Feind
1437 1987 1478 2009 zu
1492 1978 1584 2018 thun,

915 2023 967 2054 die
992 2021 1057 2055 Mz.
1084 2023 1139 2054 Hs.
1166 2023 1220 2053 liat
1240 2023 1361 2064 quietis
1383 2022 1418 2054 ln·
1440 2025 1583 2064 statii-is,

915 2068 1121 2108 gcwiilinlich
1140 2068 1222 2099 wird
1241 2069 1361 2110 quietis
1378 2069 1514 2099 stativis
1527 2077 1584 2108 ge·

917 2113 1025 2144 lesen:
1045 2113 1084 2144 dn
1104 2123 1165 2143 von
1184 2113 1255 2144 deni
1275 2112 1398 2144 Fcinde
1417 2113 1523 2145 nichts
1541 2123 1583 2144 zu

915 2158 1077 2197 besorgcn
1098 2168 1184 2198 war,
1212 2158 1274 2189 wie
1293 2157 1352 2198 37,
1376 2158 1432 2197 15,
1451 2157 1488 2197 33
1516 2158 1583 2199 vgl.

917 2203 946 2243 7,
981 2204 1034 2243 26,
1071 2203 1102 2234 1:
1136 2213 1210 2234 cum
1244 2205 1348 2245 quieti
1377 2203 1582 2236 stationibus

916 2251 1048 2291 tompus
1067 2251 1231 2287 ici-ereum
1259 2248 1291 2288 1,
1311 2249 1363 2288 57,
1381 2248 1420 2288 43
1445 2258 1481 2280 es
1499 2248 1582 2280 wird

915 2296 1017 2336 qm'oti
1044 2294 1095 2324 liis
1119 2295 1251 2325 stativis
1275 2294 1325 2324 od.
1351 2295 1455 2336 quieti
1474 2293 1581 2325 isdem

915 2340 1064 2380 stalii'is,
1084 2349 1109 2370 s.
1130 2338 1182 2377 33,
1201 2338 1255 2379 30,
1274 2339 1303 2378 7,
1323 2338 1519 2371 vermuthet.
1539 2355 1582 2361 —

914 2383 1030 2426 spoliis
1054 2396 1090 2414 so
1111 2394 1214 2424 ανηι.,
1241 2384 1306 2423 vgl.
1331 2383 1390 2423 22,
1415 2382 1468 2421 46,
1487 2383 1518 2415 4.
1538 2400 1582 2406 —

916 2440 960 2460 ffl-
983 2431 1038 2460 cir.
1063 2440 1146 2470 soc,
1173 2439 1242 2461 was
1259 2439 1318 2460 uus
1336 2429 1395 2460 der
1411 2428 1580 2470 provincia

915 2474 1052 2505 citerior
1070 2475 1157 2505 nicht
1176 2485 1211 2506 so
1229 2473 1355 2506 schnell
1374 2484 1414 2504 zu
1429 2473 1582 2505 bewerk-

914 2519 1068 2558 stelligeri
1089 2529 1167 2549 war.
1186 2537 1229 2543 —
1247 2519 1416 2560 reficeret,
1442 2519 1506 2559 vgl.
1527 2516 1580 2557 33,

916 2563 969 2603 3⁴3,
988 2564 1018 2595 7.
1039 2582 1079 2586 —
1097 2566 1183 2595 satis
1199 2564 1263 2608 pi,
1287 2563 1338 2604 33,
1359 2563 1411 2603 31,
1430 2562 1467 2603 63
1494 2562 1580 2596 Veli.

1698 1387 1709 1505 uta-au
