1638 2825
583 139 712 172 LIBER
729 138 896 171 XXXIX.
937 138 1031 172 CAP.
1047 139 1099 172 13.
1496 138 1548 179 23

131 159 158 180 a.
178 151 233 178 ch.
255 152 317 178 186.

131 255 356 293 sermonem
385 242 425 281 in
454 254 537 281 rem
559 253 642 281 non
664 241 805 281 seriam
829 241 968 289 modo,
999 241 1068 280 sed
1090 241 1292 292 capitalem
1315 240 1430 281 etiam
1451 240 1546 280 verti

130 302 258 342 vellet:
287 312 330 339 se
349 299 520 339 terrendi
541 298 623 338 eius
646 310 780 346 causa,
800 310 884 337 non
905 298 1010 349 quod
1032 298 1150 337 sciret
1171 298 1397 350 quicquam,
1425 310 1467 337 ea
1488 297 1550 337 lo-

132 362 257 399 cutam
286 368 385 395 esse.
444 356 506 395 hic
526 355 753 395 Postumius
785 367 974 394 accensus
996 355 1071 401 ira,
1107 359 1192 393 tum
1215 367 1371 406 quoque
1392 355 1443 394 ait
1463 367 1548 394 eam

132 426 219 454 cum
240 412 406 452 Aebutio
434 425 476 451 se
498 417 671 451 amatore
693 411 861 451 cavillari
885 412 1061 457 credere,
1094 422 1176 450 non
1198 410 1238 449 in
1261 411 1379 450 domo
1402 412 1550 462 gravis-

130 470 253 510 simae
272 469 439 508 feminae
460 474 498 508 et
519 481 607 508 cum
630 468 792 508 consule
811 468 936 520 loqui,
959 473 997 508 et
1014 467 1183 519 Sulpicia
1205 467 1388 507 adtollere
1405 479 1550 520 paven-

128 531 227 573 tem,
261 526 376 566 simul
402 526 507 565 illam
535 525 754 573 adhortari,
785 525 902 564 simul
931 525 1028 564 iram
1050 524 1182 576 generi
1201 524 1333 564 lenire.

130 583 382 630 confirmata,
411 583 576 622 multum
610 582 784 621 incusata
805 582 966 633 perfidia
986 581 1158 629 Aebutii,
1187 581 1253 632 qui
1276 580 1423 633 optime
1444 581 1483 620 in
1505 594 1550 620 eo

128 640 218 693 ipso
240 639 397 679 meritae
418 639 533 679 talem
555 639 720 690 gratiam
742 639 963 686 rettulisset,
997 650 1183 689 magnum
1201 637 1275 677 sibi
1290 643 1437 677 metum
1455 638 1551 677 deo-

129 709 232 744 rum,
268 708 439 748 quorum
475 696 624 736 occulta
659 696 768 735 initia
804 696 1045 743 enuntiaret,
1087 695 1276 734 maiorem
1306 695 1429 733 multo
1459 694 1555 733 dixit

130 753 338 794 hominum
360 766 466 800 esse,
500 753 566 804 qui
587 766 629 792 se
651 752 818 792 indicem
841 752 1020 792 manibus
1043 752 1125 791 suis
1151 751 1384 803 discerpturi
1405 755 1553 790 essent.

130 811 258 862 itaque
279 811 356 850 hoc
378 823 420 849 se
437 809 660 861 Sulpiciam,
683 810 759 849 hoc
781 809 982 849 consulem
1007 821 1128 855 orare,
1152 814 1195 848 ut
1215 821 1256 847 se
1279 813 1384 848 extra
1404 807 1552 847 Italiam

131 867 257 919 aliquo
286 867 528 918 ablegarent,
561 866 626 906 ubi
658 866 848 919 reliquum
870 867 967 906 vitae
988 866 1127 916 degere
1147 870 1232 905 tuto
1254 869 1404 917 posset.
1446 864 1552 904 bono

132 924 264 964 animo
293 936 380 963 esse
400 923 532 963 iubere
555 936 640 962 eam
664 923 822 971 consul,
845 928 883 962 et
905 923 978 962 sibi
1001 935 1114 962 curae
1134 922 1219 962 fore
1241 922 1385 969 dicere,
1405 926 1449 960 ut
1470 921 1551 960 Ro-

131 986 325 1022 mae'tuto
355 980 554 1020 habitaret.
594 985 676 1019 tum
700 980 858 1032 Hispala
887 979 1078 1031 originem
1108 992 1312 1019 sacrorum
1339 978 1550 1030 expromit:

129 1037 260 1088 primo
290 1037 501 1077 sacrarium
524 1037 562 1076 id
583 1037 816 1077 feminarum
837 1037 982 1084 fuisse,
1004 1049 1077 1076 nec
1098 1048 1335 1088 quemquam
1357 1048 1402 1075 eo
1427 1035 1551 1074 virum

132 1094 283 1134 admitti
305 1094 483 1139 solitum3
511 1099 589 1133 tres
615 1094 655 1133 in
677 1106 778 1133 anno
801 1099 924 1133 statos
946 1094 1027 1133 dies
1050 1093 1245 1140 habuisse,
1268 1092 1408 1144 quibus
1430 1092 1551 1131 inter-

134 1150 200 1190 diu
227 1150 387 1190 Bacchis
422 1150 683 1196 initiarentur,
723 1150 946 1189 sacerdotes
975 1150 1014 1188 in
1050 1150 1172 1188 vicem
1203 1154 1405 1189 matronas
1434 1148 1552 1187 creari

132 1206 279 1246 solitas.
326 1206 519 1246 Pacullam
548 1206 713 1246 Anniam
739 1207 980 1258 Campanam
1003 1207 1244 1245 sacerdotem
1268 1205 1421 1252 omnia,
1449 1210 1550 1244 tam-

132 1275 248 1315 quam
269 1263 384 1302 deum
407 1263 577 1309 monitu,
601 1263 837 1309 inmutasse;
859 1275 949 1302 nam
971 1268 1008 1302 et
1029 1263 1133 1302 viros
1156 1275 1240 1302 eam
1262 1263 1427 1314 primam
1451 1261 1551 1300 filios

131 1331 226 1360 suos
252 1319 445 1365 initiasse,
478 1319 638 1358 Minium
668 1325 705 1358 et
734 1319 973 1359 Herennium
1003 1318 1218 1365 Cenrinios,
1250 1324 1287 1358 et
1313 1324 1552 1358 nocturnum

129 1461 175 1467 —
189 1445 299 1487 primo
317 1444 401 1475 ohne
421 1443 557 1484 deinde,
581 1443 673 1475 viell.
692 1443 722 1475 in
742 1443 804 1475 Be-

131 1489 272 1530 ziehung
289 1500 330 1521 zu
350 1488 485 1521 tandem
504 1488 525 1531 §
540 1489 570 1529 4,
589 1489 654 1530 vgl.
675 1500 702 1520 c.
723 1489 753 1529 9,
775 1489 803 1521 1.

130 1534 277 1578 capital.‚
295 1534 331 1575 3,
352 1534 409 1575 13,
429 1535 448 1566 4
465 1545 496 1566 u.
516 1545 563 1574 a.,
581 1535 669 1567 hier:
687 1535 805 1566 ho'chst

130 1578 326 1621 geffihrlich.
360 1598 404 1603 —
433 1580 501 1622 hic,
525 1581 581 1619 da,
612 1580 663 1611 bei
693 1580 804 1611 dieser

130 1624 357 1666 Aeusserung.
376 1643 421 1648 —
437 1625 549 1663 eat-ill,
569 1626 660 1657 ihren
677 1625 802 1657 Scherz

130 1670 250 1702 treibe.
274 1689 318 1694 —
340 1673 374 1702 et
392 1670 464 1710 ffigt
483 1671 578 1702 einen
593 1681 712 1711 neuen,
726 1681 804 1702 ver-

132 1714 331 1746 schiedenen
360 1714 518 1747 Uinstand
551 1716 667 1746 hinzu:
701 1717 804 1747 ande—

132 1759 286 1791 rerseits.
314 1777 358 1782 —
387 1760 491 1792 simul
511 1779 532 1782 -
554 1760 672 1800 simul,
697 1771 724 1793 s.
749 1760 803 1801 31,

130 1803 191 1843 42,
220 1804 252 1843 1;
278 1804 338 1845 29,
358 1804 461 1845 2,12
487 1816 517 1836 u.
543 1803 607 1845 oft,
625 1805 677 1836 die
702 1805 803 1837 S'zitze

130 1849 247 1881 stehen
288 1850 513 1892 asyndetisch.
558 1868 604 1873 —
648 1851 804 1891 mallum,

129 1893 284 1936 vielfacb,
301 1905 328 1926 s.
348 1894 401 1935 30,
419 1894 472 1937 30,
490 1895 543 1926 27.
559 1914 602 1918 —-
616 1897 649 1927 iu
665 1907 702 1927 eo
717 1899 802 1939 ipso,

129 1940 252 1981 gerade
271 1940 301 1971 in
321 1940 380 1972 der
398 1939 521 1980 Sache,
537 1951 589 1972 um
608 1941 659 1972 die
678 1952 713 1972 es
733 1942 801 1973 sicli

129 1985 281 2026 handele,
299 1985 376 2017 dass
394 1986 442 2017 sie
461 1986 522 2017 den
539 1984 657 2019 Aebut.
676 1986 736 2018 auf
750 1988 801 2018 die

130 2028 254 2063 Gefalir
281 2030 502 2063 aufuierksam
533 2033 684 2072 gemacht
707 2032 801 2072 habe,

127 2075 196 2117 vgl.
214 2076 327 2118 Quint.
348 2076 405 2117 10,
423 2077 454 2116 5,
476 2077 580 2109 11:572
598 2078 659 2109 lmc
677 2080 802 2121 optime

118 2122 258 2165 sacient
269 2122 422 2165 infinitae
435 2124 658 2165 quaestiones.
687 2123 734 2155 Da
749 2124 801 2155 die

129 2166 195 2199 Mz.
221 2166 277 2198 Hs.
303 2169 424 2211 optt'mz'
445 2187 467 2190 —
490 2170 605 2200 meriti
630 2170 700 2211 hat,
730 2179 800 2201 was

128 2211 209 2244 aber
233 2212 321 2244 nicht
345 2213 464 2254 richtig·
487 2214 557 2245 sein
590 2214 691 2252 kann,
724 2215 801 2246 weil

130 2259 293 2301 optimum.
313 2261 471 2290 meritum
497 2259 586 2290 nicht
611 2260 711 2292 lcicht
739 2271 800 2301 ge—

129 2307 203 2343 sagt
222 2303 283 2334 und
302 2303 384 2334 eben
400 2314 436 2335 so
450 2306 703 2344 ungewijhnlich
716 2316 801 2348 gra-

129 2350 211 2380 tiam
235 2349 368 2390 referre
390 2349 449 2381 mit
472 2351 544 2381 deul
566 2351 699 2383 Genitiv
725 2362 800 2383 ver-

129 2393 258 2425 bunden
279 2395 381 2434 w'a‘re,
403 2405 437 2426 so
457 2395 501 2426 ist
517 2405 555 2426 an
576 2397 635 2428 der
652 2396 799 2437 Richtig-

129 2438 198 2471 keit
215 2439 275 2470 der
293 2440 398 2471 Stellc
418 2451 458 2471 zu
477 2442 642 2473 zweiseln.

175 2484 262 2517 5-6.
294 2485 422 2517 occulta
435 2488 539 2526 Initia,
558 2498 583 2519 s.
601 2488 653 2527 37,
670 2487 722 2527 54,
742 2487 778 2519 21
794 2499 799 2518 :

128 2529 276 2562 medinm
294 2531 497 2571 umbilicum,
516 2533 596 2565 oder
610 2544 645 2564 es
665 2533 722 2564 ist:
742 2543 800 2573 ge-

130 2575 233 2607 heime
254 2575 412 2618 Weihcn,
431 2577 497 2618 vgl.
520 2577 553 2620 1,
572 2578 630 2619 31,
655 2578 691 2620 8,
718 2579 801 2610 oben

880 1455 907 1476 c.
941 1442 998 1484 10,
1028 1443 1063 1474 5:
1094 1442 1240 1482 silenda3
1277 1442 1552 1474 wabrscheinlich

878 1494 1004 1521 musste
1041 1489 1157 1529 Jeder,
1202 1489 1262 1520 der
1300 1487 1552 1528 aufgenommen

877 1536 1008 1575 wurde,
1039 1533 1199 1574 geloben,
1228 1533 1311 1566 iiber
1338 1533 1432 1565 Alles
1457 1533 1554 1566 Still-

878 1581 1066 1619 schweigeu
1098 1590 1138 1610 zu
1168 1579 1390 1619 beobachten,
1423 1579 1490 1620 vgl.
1523 1590 1550 1611 c.

879 1625 934 1666 18,
954 1625 990 1664 33
1014 1625 1070 1665 10,
1096 1624 1154 1664 38,
1180 1625 1210 1656 9.
1228 1643 1272 1647 —
1289 1624 1464 1668 discerpi„
1489 1625 1552 1657 wie

876 1672 938 1703 den
955 1670 1141 1713 Lycurgus,
1157 1681 1183 1702 S.
1199 1670 1260 1702 Ov.
1277 1669 1370 1702 Fast.
1387 1670 1416 1711 6,
1432 1669 1497 1702 484
1507 1670 1552 1712 ΗΣ,

877 1717 934 1748 das
959 1716 1158 1757 vorhergeh.
1184 1715 1324 1748 iudicem
1345 1716 1388 1747 ist
1405 1715 1552 1757 bedingt,

876 1771 972 1792 wenn
991 1762 1039 1792 sie
1057 1761 1191 1792 werden
1206 1761 1334 1792 wiirde.
1352 1779 1393 1784 —
1412 1761 1551 1803 ablega·

878 1809 969 1845 rent,
994 1817 1056 1837 nur
1080 1807 1131 1837 die
1152 1805 1217 1837 Mz.
1237 1806 1293 1839 Hs.
1314 1807 1369 1837 hat
1385 1807 1553 1839 amanda-

878 1854 968 1891 rent,
995 1861 1063 1882 was
1083 1850 1119 1882 L.
1140 1855 1234 1882 sonst
1258 1851 1364 1890 nicht,
1383 1851 1499 1884 Cicero
1519 1852 1551 1884 iu

876 1897 1019 1928 ander-er
1038 1897 1232 1937 Bedeutung
1248 1896 1399 1928 braucht.

923 1941 1033 1973 8—11.
1069 1943 1102 1973 in
1122 1953 1209 1973 mmo
1232 1942 1295 1973 wie
1319 1940 1340 1984 ξ
1359 1941 1394 1980 9;
1421 1941 1490 1974 Cic.
1516 1942 1551 1974 S.

874 1987 973 2019 Rosc.
991 1986 1051 2027 40,
1071 1986 1148 2018 132;
1169 1990 1221 2019 ter·
1237 1989 1270 2019 1¹71
1288 1998 1389 2019 αηηο.
1407 2005 1451 2010 -
1468 1990 1550 2020 stat.

875 2032 955 2075 dies,
977 2043 1003 2064 s.
1022 2032 1076 2072 23,
1095 2032 1147 2072 35,
1167 2031 1203 2068 3;
1224 2033 1275 2064 die
1289 2033 1454 2074 jiingeren
1474 2033 1549 2065 Hss.

875 2078 978 2109 haben
997 2081 1162 2120 stolatus,
1180 2077 1289 2118 Tage,
1315 2078 1366 2110 die
1386 2078 1551 2119 jedesmal

874 2125 998 2155 vorlici·
1026 2128 1202 2165 angesagt,
1232 2122 1434 2164 festgesetzt
1462 2134 1550 2156 wer-

875 2170 953 2210 den,
980 2180 1007 2200 5.
1032 2168 1092 2209 23,
1119 2169 1175 2210 25,
1201 2169 1237 2209 3,
1267 2179 1337 2200 was
1367 2170 1439 2200 bier
1468 2170 1549 2201 auch

876 2215 997 2255 riclitig
1010 2215 1081 2246 sein
1098 2214 1233 2246 kb‘nntc.
1247 2233 1290 2237 —
1303 2215 1471 2247 Pacullam
1486 2225 1549 2246 von

874 2261 1002 2301 Parus,
1028 2260 1182 2302 Paccius,
1204 2271 1229 2291 s.
1253 2260 1308 2299 10,
1330 2260 1390 2292 38:
1410 2260 1468 2299 27,
1496 2260 1546 2300 13,

874 2306 939 2346 vgl.
959 2306 1018 2337 Sil.
1039 2305 1078 2337 lt.
1100 2305 1156 2344 ll,
1183 2305 1242 2341 5S;
1268 2305 1349 2336 313:
1377 2304 1547 2345 l’acnllas,

875 2352 940 2392 vgl.
962 2363 1001 2383 zu
1021 2351 1075 2391 26,
1095 2350 1150 2391 33,
1169 2350 1205 2388 ὃς
1226 2350 1404 2382 Mommsen
1427 2350 1547 2382 [nter-

875 2398 943 2428 ital.
970 2397 1053 2428 Dial.
1079 2396 1153 2428 234.
1177 2415 1221 2419 —
1244 2397 1392 2427 Anniam
1418 2396 1548 2427 sclieint

873 2443 942 2474 sich
969 2453 1030 2473 nur
1054 2442 1125 2473 liier
1147 2442 1197 2472 als
1225 2441 1323 2472 Naum
1355 2452 1394 2471 zu
1427 2441 1548 2473 lindeu.

872 2507 916 2511 -—
935 2488 1061 2530 Camp„
1080 2487 1146 2527 vgl.
1166 2498 1193 2517 r.
1218 2487 1266 2521 17,
1286 2488 1314 2527 ti,
1334 2486 1399 2526 vgl.
1420 2487 1471 2528 3⁸,
1492 2486 1546 2529 36,

875 2535 904 2564 5.
929 2552 964 2555 ——
985 2533 1126 2565 ,llt'niam
1149 2532 1238 2562 wiirc
1260 2532 1330 2562 liier
1346 2542 1373 2563 c.
1397 2531 1432 2563 17
1453 2542 1482 2563 u.
1507 2532 1546 2563 l‘.)

874 2577 1052 2617 verumne,
1071 2578 1132 2609 wic
1151 2581 1245 2608 sonst
1264 2576 1441 2619 Minacias,
1460 2587 1486 2609 s,
1505 2587 1547 2608 zu

1393 525 1551 564 tandem
1579 532 1602 565 4

1580 643 1600 675 5

1582 813 1603 845 6

1582 871 1601 902 7

1581 1041 1602 1074 8
