1712 2825
303 218 547 251 PunioanE
571 216 793 250 LIBRORUM
817 215 1280 251 LXXXVI-Lxxxwm.
1414 217 1495 257 303

87 326 189 363 esset,
207 321 241 353 C.
255 320 380 353 Fabius
399 321 433 353 in
450 318 567 352 Africa
584 324 720 363 propter
738 319 968 351 crudelitatem
986 323 1019 351 et
1037 319 1218 351 avaritiam
1235 328 1328 350 suam
1346 319 1380 350 in
1397 329 1496 362 prae-

85 367 175 400 torio
194 377 253 399 suo
269 366 369 398 vivus
387 370 527 397 exustus
545 370 607 397 est.
637 364 674 396 L.
688 364 868 407 Philippus,
882 365 1013 405 legatus
1028 364 1153 407 Syllae,
1169 364 1358 395 Sardiniam
1372 363 1410 406 Q.
1423 364 1494 396 An-

86 413 179 445 tonio
202 416 358 454 praetore
382 411 477 453 pulso
503 416 537 442 et
561 411 672 442 occiso
697 410 881 452 occupavit.
917 409 1012 452 Sylla
1035 419 1107 440 cum
1124 409 1252 441 Italicis
1275 410 1426 451 populis,
1451 420 1492 442 ne

85 457 265 490 timeretur
287 456 327 488 ab
351 456 400 488 eis
418 456 511 487 velut
534 460 710 498 erepturus
735 455 908 487 civitatem
932 459 965 486 et
988 454 1140 495 suffragii
1164 455 1216 486 ius
1240 464 1344 496 nuper
1367 455 1490 495 datum,

85 501 203 535 foedus
225 502 406 545 percussit;
439 502 589 543 idemque
613 511 653 532 ex
679 500 798 532 fiducia
822 500 887 532 iam
911 503 1024 531 certae
1047 499 1213 531 victoriae
1236 499 1448 540 litigatores,
1472 510 1491 531 a

86 547 205 590 quibus
227 547 403 587 adibatur,
428 546 619 578 vadimonia
643 545 777 577 Romam
801 544 932 577 deferre
956 544 1074 584 iussit,
1100 555 1172 575 cum
1195 555 1214 576 a
1238 549 1332 586 parte
1355 545 1492 577 diversa

84 593 164 624 urbs
189 593 295 624 adhue
316 596 502 623 teneretur.
534 591 572 623 L.
591 591 808 633 Damasippus
832 595 969 633 praetor
992 599 1034 621 ex
1060 589 1233 621 voluntate
1252 589 1286 621 C.
1307 589 1395 622 Mari
1413 601 1491 622 con-

85 637 170 669 sulis
188 647 261 669 cum
285 642 435 669 senatum
458 637 705 676 contraxisset,
729 646 871 675 omnem,
895 645 978 677 quae
1001 635 1035 666 in
1058 634 1140 666 urbe
1165 639 1254 673 erat,
1280 635 1491 667 nobilitatem

84 682 280 715 trucidavit.
313 692 355 714 ex
370 683 463 714 cuius
482 693 617 714 numero
633 682 670 723 Q.
685 681 816 713 Mucius
830 680 994 712 Scaevola
1010 678 1162 723 pontifex
1179 680 1342 711 maximus
1360 679 1490 721 fugiens

86 728 119 760 in
136 728 304 760 vestibulo
329 728 420 759 aedis
437 728 562 760 Vestae
582 727 712 758 occisus
736 731 799 758 est.
832 730 1009 769 praeterea
1031 725 1155 756 bellum
1181 735 1199 756 a
1216 724 1254 756 L.
1272 724 1410 757 Murena
1433 726 1492 757 ad-

86 783 204 805 versus
223 772 441 805 Mithridaten
458 773 492 804 in
509 773 592 804 Asia
609 776 808 804 renovatum
824 772 985 803 continet.

597 852 660 884 EX
676 850 755 883 LIB.
773 849 977 883 LXXXVII.

176 906 271 950 Sylla
289 907 324 939 C.
341 905 501 945 Marium,
520 905 673 937 exercitu
690 905 760 937 eius
778 903 851 936 fuso
870 904 1046 946 deletoque
1065 905 1105 935 ad
1124 904 1362 946 Sacriportum,
1383 904 1416 935 in
1433 915 1493 947 op-

83 952 159 994 pido
184 951 364 984 Praeneste
389 951 536 990 obsedit3
567 950 682 983 urbem
705 950 840 982 Romam
863 960 905 981 ex
935 949 1145 981 inimicorum
1175 949 1324 981 manibus
1353 950 1491 992 recepit.

83 996 225 1029 Marium
239 1006 412 1039 erumpere
428 1000 641 1038 temptantem
661 995 815 1038 reppulit.
851 999 1026 1037 praeterea
1043 1004 1098 1026 res
1117 1005 1134 1026 a
1152 994 1275 1035 legatis
1289 994 1361 1026 eius
1378 995 1492 1027 eadem

82 1042 203 1085 ubique
221 1041 354 1075 fortuna
372 1042 516 1084 partium
534 1046 646 1082 gestas
664 1041 825 1072 continet.

590 1121 654 1153 EX
671 1120 749 1152 LIB.
768 1119 990 1153 LXXXVIII.

174 1176 269 1220 Sylla
288 1176 470 1208 Carbonem
490 1176 585 1216 [eum]
605 1175 756 1207 exercitu
774 1175 813 1206 ad
832 1175 993 1213 Clusium,
1012 1174 1051 1205 ad
1070 1174 1267 1205 Faventiam
1285 1173 1490 1205 Fidentiam-

82 1232 144 1264 que
162 1231 259 1254 caeso
278 1221 375 1253 Italia
393 1221 538 1264 expulit,
562 1231 634 1252 eum
652 1220 870 1259 Samnitibus,
895 1220 949 1261 qui
967 1220 1032 1251 soli
1049 1230 1091 1250 ex
1108 1218 1234 1250 Italicis
1258 1218 1389 1261 populis
1409 1230 1490 1250 uon-

82 1267 157 1299 dum
175 1277 264 1300 arma
282 1271 475 1309 posuerant,
493 1266 587 1297 iuxta
605 1266 718 1297 urbem
732 1265 910 1297 Romanam
928 1270 1003 1296 ante
1022 1269 1149 1306 portam
1165 1264 1326 1295 Collinam
1344 1263 1491 1295 debella-

81 1313 148 1353 vit,
172 1313 423 1355 reciperataque
445 1322 482 1343 re
504 1311 636 1353 publica
659 1311 913 1353 pulcherrimam
932 1310 1108 1342 victoriam
1126 1309 1343 1348 erudelitate,
1367 1314 1489 1351 quanta

82 1368 114 1399 in
133 1368 224 1399 nullo
243 1368 410 1399 hominum
427 1367 499 1404 fuit,
520 1368 716 1409 inquinavit.
751 1366 822 1399 wll
840 1367 1069 1398 dediticiorum
1089 1366 1121 1397 in
1137 1366 1216 1396 villa
1235 1365 1366 1407 publiea
1385 1365 1490 1396 truci-

82 1413 191 1453 davit,
214 1413 359 1445 tabulam
380 1413 633 1455 proserIptionis
646 1413 841 1455 proposuit,
866 1412 980 1443 urbem
998 1421 1035 1442 ac
1060 1416 1163 1442 totam
1182 1410 1313 1442 Italiam
1331 1410 1488 1441 caedibus

82 1458 234 1501 replevit,
251 1458 339 1490 inter
357 1468 436 1501 quas
455 1468 566 1489 omnes
586 1458 821 1489 Praenestinos
840 1458 982 1489 inermes
1001 1456 1127 1487 concidi
1148 1456 1257 1496 iussit,
1276 1454 1420 1487 Marium
1437 1465 1490 1487 se-

82 1503 206 1535 natorii
229 1503 354 1535 ordinis
381 1503 487 1535 virum
512 1503 665 1534 cruribus
690 1503 900 1544 brachiisque
926 1501 1060 1541 fractis,
1086 1501 1223 1532 auribus
1248 1500 1432 1543 praesectis
1456 1505 1490 1532 et

82 1548 188 1581 oculis
210 1548 340 1580 effossis
365 1548 508 1580 necavit.
543 1548 577 1580 C.
603 1547 730 1580 Marius
755 1548 936 1580 Praeneste
960 1547 1116 1578 obsessus
1141 1557 1159 1578 a
1183 1545 1343 1577 Lucretio
1368 1544 1489 1586 osella,
1520 1558 1529 1565 ·

82 1593 297 1637 Syllanarum
322 1594 463 1636 partium
487 1594 578 1632 viro,
609 1604 681 1625 eum
705 1603 763 1636 per
786 1593 971 1625 cuniculum
997 1597 1145 1634 captaret
1169 1591 1312 1623 evadere
1341 1595 1489 1633 saeptum

81 1639 245 1679 exercitu,
263 1643 402 1670 mortem
421 1639 594 1670 conscivit.
629 1639 672 1679 [id
691 1644 758 1678 est,
778 1639 808 1670 in
827 1639 898 1680 ipso
918 1638 1085 1677 eunieulo,
1104 1647 1176 1668 eum
1195 1637 1338 1668 sentiret
1357 1645 1392 1667 se
1410 1645 1490 1667 eva-

81 1684 160 1716 dere
179 1694 240 1715 non
259 1694 367 1726 posse,
386 1695 457 1715 eum
476 1684 630 1716 'l‘elesiuo
650 1682 745 1725 fugae
764 1684 883 1716 eomite
901 1683 1020 1715 stricto
1038 1683 1202 1723 utrimque
1220 1681 1330 1722 gladio
1349 1691 1490 1712 concur-

82 1729 143 1768 rit,
162 1739 255 1772 quem
274 1740 345 1761 eum
364 1729 559 1768 occidisset,
577 1729 645 1771 ipse
663 1729 796 1761 saucius
816 1728 1006 1771 impetravit
1024 1738 1042 1759 a
1061 1738 1171 1767 servo,
1190 1731 1225 1758 ut
1243 1737 1278 1758 se
1297 1726 1487 1766 occiderem]

580 1809 641 1841 EX
661 1809 736 1841 LIB.
757 1808 990 1840 Lxxxx'llll.

176 1861 219 1893 M.
238 1862 358 1894 Brutus
375 1873 395 1893 α
413 1863 470 1893 Cn.
490 1863 624 1904 Papirio
644 1863 813 1902 Carbone,
831 1863 876 1894 ud
891 1873 984 1904 quem
1004 1863 1182 1892 Cossuran]
1201 1860 1393 1902 adpulerat,
1412 1860 1489 1891 mis-

83 1916 140 1938 sus
161 1917 242 1938 nave
261 1907 439 1949 piscatoria
458 1907 669 1951 Lilybaeum,
695 1913 729 1939 ut
748 1908 957 1949 exploraret,
983 1918 1021 1938 an
1049 1907 1091 1937 ibi
1117 1907 1178 1937 iam
1199 1905 1371 1947 Pompeius
1390 1910 1489 1947 esset,

84 1956 117 1983 et
135 1951 380 1984 circumventus
400 1953 557 1992 navibus,
582 1964 661 1995 quas
681 1953 854 1995 Pompeius
874 1953 1028 1987 miserat,
1055 1952 1085 1983 in
1105 1962 1139 1982 se
1164 1951 1311 1982 mueroni
1331 1961 1430 1982 verso
1449 1950 1489 1981 ad

84 2001 266 2028 transtrum
287 1998 381 2029 navis
400 1998 542 2030 obnixus
560 1999 712 2041 corporis
732 1998 874 2040 pondere
894 1997 1053 2028 inrubuit.
1088 1997 1143 2028 Cn.
1166 1996 1337 2038 I'ompeius
1356 1995 1387 2026 in
1407 1995 1490 2026 Siei-

82 2041 160 2073 IIam
184 2053 255 2073 cum
280 2042 414 2085 imperio
439 2054 456 2074 a
482 2048 598 2075 senatu
624 2044 744 2075 missus
769 2044 825 2074 Cn.
854 2043 1055 2081 Carbonem,
1087 2042 1140 2084 qui
1171 2044 1249 2073 llens
1280 2040 1489 2072 muliebriter

84 2091 224 2119 mortem
242 2087 336 2127 tulit,
361 2093 489 2129 raptum
509 2089 641 2120 oeeidit.
677 2089 770 2131 Sylla
790 2089 933 2120 dic-lator
958 2087 1084 2123 faetus,
1109 2087 1192 2129 quod
1220 2097 1311 2117 nemo
1338 2096 1487 2128 umquam

84 2130 226 2171 fecerat,
252 2143 321 2164 eum
341 2132 486 2165 saseibus
507 2134 627 2165 xxm!
648 2134 821 2176 proeessit.
859 2133 988 2173 legibus
1009 2133 1102 2164 novis
1123 2132 1170 2163 rei
1196 2131 1346 2174 publicae
1366 2135 1487 2162 statum

85 2176 310 2212 confirmavit:
329 2178 536 2210 tribunorum
558 2179 661 2221 plebis
681 2184 876 2221 potestatem
897 2179 1015 2210 minuit
1029 2183 1062 2210 et
1080 2187 1173 2208 omne
1191 2177 1239 2208 ius
1260 2178 1364 2216 legum
1382 2175 1490 2206 I'eren-

84 2221 198 2253 darum
219 2222 358 2261 ademit3
377 2224 563 2263 poutiIieum
583 2235 806 2267 augurumque
825 2225 1000 2263 eollegium
1019 2223 1204 2265 ampliavit,
1224 2227 1255 2252 ut
1276 2225 1387 2251 esseut
1409 2220 1490 2259 XV3

83 2270 233 2298 senatum
247 2277 286 2297 ex
302 2268 448 2308 equestri
464 2269 580 2300 ordine
595 2269 777 2311 supple-vit;
797 2270 1059 2311 proseriprum
1075 2268 1191 2299 liberis
1209 2268 1258 2297 ius
1275 2266 1490 2307 petendorum

83 2312 243 2343 honorum
262 2312 383 2353 eripuit
401 2317 433 2343 et
453 2313 533 2344 bona
552 2324 664 2344 eorum
684 2315 847 2345 vendidit:
867 2325 906 2345 ex
923 2315 1041 2356 quibus
1061 2313 1198 2355 plurima
1219 2311 1346 2353 [primu]
1363 2311 1489 2352 rapuit3

86 2357 255 2389 reum-tum
275 2361 322 2387 est
344 2357 536 2389 sestertium
556 2363 608 2389 ter
627 2359 734 2389 milies
753 2359 971 2401 quingenties.
1008 2362 1044 2401 Q.
1065 2357 1254 2389 Iun-retium
1273 2354 1414 2386 (II'eIIaui
1433 2355 1489 2387 ad·

86 2411 204 2433 versus
224 2403 428 2433 volunlatem
447 2413 536 2433 suam
556 2404 761 2434 ‹·onsul.·ilum
781 2409 891 2445 petere
910 2415 1023 2435 nusum
1045 2403 1139 2435 Iussit
1161 2401 1267 2431 ‹wa-idi
1288 2401 1317 2431 iu
1338 2400 1428 2434 I'oro.
1454 2405 1487 2432 et

87 2457 158 2478 eum
184 2447 244 2477 hoev
269 2447 399 2486 indigne
424 2447 525 2479 I'erret
553 2449 689 2489 populus
716 2448 897 2488 Romanus,
924 2449 1076 2480 contione
1103 2448 1263 2478 adxoealu
1288 2456 1324 2475 se
1350 2445 1488 2476 iussisse

85 2492 184 2523 dixit.
219 2492 274 2522 (ln.
298 2491 468 2533 I’ompeius
494 2493 522 2523 iu
544 2493 657 2523 Afric-u
677 2494 733 2524 (Iu.
757 2494 933 2525 Ilomitium
959 2493 1178 2535 proscriptum
1203 2495 1232 2521 el
1255 2490 1409 2521 uim-ban·
1435 2501 1488 2521 re-

85 2546 158 2578 gem
179 2535 350 2567 Numidiae
370 2537 488 2567 bellum
508 2538 682 2568 innolientes
702 2538 808 2569 vin-tos
827 2539 946 2569 oeeidit
969 2543 996 2568 el
1019 2542 1175 2579 quattuor
1194 2540 1222 2566 el
1245 2535 1364 2575 viginti
1384 2546 1486 2566 auiws

87 2587 195 2620 natus,
213 2582 316 2612 adhue
334 2592 433 2623 eques
453 2582 627 2619 Iloumnus,
647 2584 730 2623 quod
752 2584 832 2614 nulli
851 2584 1049 2621 contigerat.
1068 2593 1106 2611 ex
1128 2581 1237 2611 lli-ivn
1259 2580 1486 2621 triuuqulmvit.

87 2626 121 2658 C.
141 2626 317 2662 Norbanus
336 2627 522 2658 eousularis
549 2627 754 2669 proscriptus
781 2628 811 2658 in
832 2629 910 2659 urbe
931 2627 1042 2658 IIliodo
1062 2637 1132 2657 eum
1152 2626 1486 2667 eonprehenderetur,
