1712 2825
423 211 800 247 AUFGENOMMENE
825 211 1147 247 CONIECTUREN.
1408 216 1489 257 383

82 317 113 349 9.
129 327 192 361 per
208 317 379 349 lasciviam
395 315 473 346 Asc.
495 313 591 354 1513,
610 314 790 346 lasciviam.
823 314 876 353 43,
894 314 922 346 1.
941 317 975 346 et
989 314 1122 347 libidine
1139 319 1173 348 et
1188 316 1389 349 crudelitate
1403 318 1490 358 Ald„

82 367 118 394 et
140 362 266 393 libidini
289 365 323 392 et
342 360 544 392 crudelitati.
572 360 602 392 5.
620 361 673 391 sin
696 360 746 391 ed.
764 364 850 399 vet.,
869 360 936 402 qui.
968 360 1019 400 44,
1040 360 1070 391 2.
1088 360 1220 393 deciens
1241 362 1312 402 (X)
1328 363 1439 406 pluris
1455 365 1489 394 in

80 407 244 446 Huschke,
262 407 304 437 in.
323 406 366 436 ib.
385 407 473 437 iussi
487 405 542 437 Fr.
562 404 605 444 2.‚
625 405 733 436 iussit.
759 404 790 436 3.
807 405 940 437 deciens
957 405 1119 445 Budaeus,
1137 407 1262 438 decem.
1286 408 1340 446 45,
1356 409 1385 439 2.
1405 407 1490 440 Sici-

78 454 156 484 nius
174 451 259 492 Gel.,
277 450 443 492 sulpitius.
459 449 511 491 46,
531 450 561 481 2.
580 452 760 482 visceratio
780 449 865 490 Gel.,
883 450 1119 483 visceratione.
1135 451 1188 490 49,
1210 452 1239 483 1.
1260 452 1414 485 Coronen
1430 453 1489 486 Fr.

79 497 123 537 2.‚
141 505 305 528 coronam.
325 496 368 527 ib.
390 496 570 539 profectus
590 498 691 537 atque
707 497 754 527 z'bz'
770 497 803 526 in
821 495 878 527 Fr.
898 495 941 535 2.‚
960 495 1039 535 Hz.‚
1058 497 1102 527 in.
1129 495 1159 527 8.
1179 496 1353 529 clauserat
1370 497 1425 530 Fr.
1444 498 1486 539 2.‚

79 542 280 573 clauserant.
326 541 356 572 9.
388 552 492 583 aeque
515 540 651 579 walch,
681 545 791 583 atque.
836 540 886 572 11.
918 540 1069 572 conlatae
1091 540 1218 582 Duker,
1252 542 1395 574 conlata.
1435 544 1486 586 50,

80 585 133 618 11.
156 586 306 618 duarum
329 585 416 628 Gel.,
441 586 579 617 duobus.
614 586 672 626 51,
692 585 722 616 3.
742 588 781 618 ut
796 586 1058 628 gratificaretur
1076 586 1131 618 Fr.
1151 586 1200 628 2.,
1227 587 1486 627 gratificaretur.

78 631 108 662 7.
126 633 179 663 est
194 633 393 664 nunciatum
411 632 503 670 Ald.,
521 631 704 663 nuntiatum
724 632 789 671 (est
806 631 1036 672 enuntiatum).
1070 631 1123 672 52,
1143 631 1174 663 1.
1201 631 1343 664 Valerio
1364 632 1397 664 L.
1418 633 1491 665 Va-

76 675 196 708 lerium
212 677 285 715 Hz.‚
304 677 444 708 valerio.
475 676 528 717 53,
546 676 597 708 12.
615 676 815 708 avertendos
832 678 933 708 etiam
948 675 1034 717 Gel.,
1052 677 1151 708 etiam
1165 678 1367 709 avertendos
1380 680 1490 720 (prae-

75 722 288 763 vertendos).
328 722 379 754 14.
411 722 582 764 Deuriopo
602 722 683 763 Sig„
703 722 868 764 derriopo.
913 721 967 762 54,
988 722 1016 752 1.
1041 721 1123 754 dum
1145 722 1226 754 haee
1250 723 1304 755 Fr.
1328 723 1371 763 2.‚
1397 725 1487 756 haec.

78 766 131 798 12.
149 778 249 808 quam
266 769 324 808 qui
339 767 419 807 Sig„
439 768 504 808 qui.
532 767 585 805 55,
606 766 634 798 7.
652 777 738 808 agro
756 766 813 798 Fr.
833 767 874 804 2.‚
888 776 1013 807 agrum.
1039 767 1070 799 9.
1089 766 1203 799 Stellio
1219 768 1292 800 edd.
1307 779 1374 808 vv„
1389 769 1487 801 stelo.

76 811 129 852 56,
148 813 179 844 2.
198 813 341 844 ulterior
360 812 529 853 Glarean.,
549 812 695 843 citerior.
722 813 753 843 5.
772 812 812 843 P.
831 812 980 844 Manlius
997 813 1084 855 Ald.,
1109 823 1139 855 p.
1157 813 1320 845 aemilius.

165 857 317 898 XXXX,
335 857 364 898 2,
381 858 411 888 6.
436 860 567 901 primae
584 857 694 897 Crev.,
713 858 826 899 prima.
847 858 877 889 7.
891 860 925 889 et
936 858 1151 890 Achaeorum
1167 859 1239 890 edd.
1261 868 1328 899 vv„
1346 859 1488 890 achaeo-

75 911 159 934 rum.
194 903 223 942 3,
245 902 416 944 1.secisse
433 914 509 935 eum
528 903 582 934 Fr.
601 902 650 939 2.‚
669 902 800 934 fecisse.
834 903 866 943 4,
885 904 915 934 6.
934 903 1067 935 libidini
1083 904 1163 944 Sig.,
1183 903 1341 936 libidinis.
1369 904 1398 935 9.
1417 906 1488 936 Ae-

73 949 166 979 niam
182 947 284 989 Mog.,
302 958 449 980 aeneam.
479 949 530 980 10.
548 949 602 989 [in]
627 947 901 981 Thessalonicam
919 948 988 989 Gr.,
1012 949 1045 980 in
1060 949 1327 981 thessalonicam.
1366 949 1417 981 11.
1435 960 1489 981 re·

76 993 277 1025 trahendam
299 992 323 1024 I.
341 994 512 1034 Pcrizon.,
532 994 796 1036 pertrahendam.
830 994 861 1033 5,
881 994 911 1026 6.
931 997 1064 1037 tempus
1081 994 1215 1036 agenda
1233 993 1327 1035 Gel.,
1345 999 1486 1037 tempus.

75 1037 106 1069 7.
125 1038 171 1070 ad
188 1049 262 1071 rem
280 1038 348 1081 W.,
366 1040 406 1070 ad
424 1049 524 1081 spem.
562 1039 605 1070 ih.
624 1039 779 1081 singulos
798 1038 884 1080 Gel.,
903 1039 933 1070 in
953 1040 1113 1080 singulos.
1142 1040 1193 1071 10.
1211 1040 1386 1072 redierant
1401 1040 1486 1081 edd„

75 1084 259 1115 redierunt.
293 1084 336 1114 ib.
360 1086 468 1126 sorte,
493 1095 575 1126 quos
602 1083 674 1125 W.,
699 1095 781 1126 quos
799 1083 897 1115 forte.
938 1084 990 1116 11.
1015 1086 1048 1116 [a
1062 1085 1202 1125 fraude
1219 1085 1332 1126 Crev„
1359 1084 1486 1116 fraude.

75 1127 107 1168 8,
129 1128 157 1160 1.
175 1139 251 1161 cum
267 1131 416 1172 primum
435 1131 524 1167 Asc„
544 1140 638 1171 quam
656 1130 804 1171 primum.
831 1130 862 1160 2.
881 1129 921 1161 (le
937 1129 1030 1162 luero
1046 1130 1126 1170 Sig„
1144 1140 1183 1172 pe
1198 1131 1336 1162 ludicro.
1364 1130 1405 1161 ib.
1421 1132 1487 1162 sci-

76 1176 110 1205 to
129 1174 239 1213 Curio,
259 1175 339 1205 scio.
369 1175 419 1206 14.
437 1186 457 1206 a
475 1178 544 1206 lam
563 1174 642 1214 Mg.,
660 1185 788 1217 aquam.
822 1176 851 1216 9,
873 1175 901 1206 1.
920 1177 953 1206 et
965 1175 1091 1213 eadem,
1112 1175 1166 1206 Fr.
1187 1175 1231 1217 2.,
1249 1176 1364 1206 eadem
1384 1176 1486 1215 (eius—

75 1219 173 1257 dem).
204 1219 235 1250 4.
254 1220 303 1250 sit
324 1221 450 1263 inpune
474 1221 545 1251 edd.
565 1230 636 1261 vv.,
660 1220 790 1262 inpune.
816 1220 846 1250 8.
865 1230 958 1252 more
975 1223 1042 1252 iam
1062 1220 1208 1261 Dobree,
1233 1221 1308 1252 iam.
1338 1220 1387 1252 11.
1405 1220 1488 1252 nihil

73 1265 160 1296 mihi
177 1263 245 1305 W.,
265 1265 354 1296 nihil.
375 1266 415 1296 ib.
435 1264 662 1308 periculiGr.,
680 1264 872 1307 periculum.
904 1265 954 1296 12.
970 1267 1126 1298 iuimicus
1142 1265 1198 1297 Fr.
1212 1265 1255 1306 2.,
1273 1271 1309 1297 ut
1324 1266 1484 1297 inimicus.

76 1310 129 1350 10,
151 1309 178 1341 1.
198 1311 326 1341 incesse
343 1310 382 1342 A.
400 1309 579 1348 Rubenius,
599 1311 672 1341 hine
686 1321 772 1341 esso,
799 1310 829 1341 6.
849 1312 882 1341 si
896 1310 952 1342 Fr.
968 1312 1009 1349 2.‚
1024 1312 1081 1342 sed
1097 1312 1134 1342 si.
1166 1311 1208 1342 il).
1222 1322 1264 1342 ne
1281 1322 1320 1342 ea
1335 1301 1406 1351 Gr.,
1425 1321 1486 1342 nec

74 1365 123 1386 ea.
160 1354 211 1395 11,
230 1353 260 1386 8.
289 1355 386 1398 [filio]
406 1356 500 1387 solim
520 1356 684 1396 [orbatus]
704 1355 815 1387 Duker
830 1355 906 1394 Mg.,
922 1356 990 1387 filio
1005 1356 1098 1387 solus
1113 1356 1261 1387 orbatus.
1294 1356 1344 1393 12,
1360 1356 1392 1387 4.
1406 1365 1485 1387 eon-

73 1400 186 1442 loquia
199 1400 249 1431 cd.
266 1411 309 1440 v.‚
325 1401 537 1442 conloquens.
559 1400 609 1432 10.
624 1401 664 1431 ab
676 1401 737 1432 hae
750 1412 834 1433 vana
849 1400 935 1441 Gel.,
949 1411 987 1432 ac
1000 1411 1095 1433 vana.
1117 1401 1168 1432 11.
1182 1412 1245 1444 per
1258 1412 1295 1432 se
1308 1411 1487 1443 quaerere-

74 1447 132 1477 tur
149 1444 236 1485 Mg.,
259 1450 531 1487 persequeretur.
566 1446 624 1486 13,
649 1446 679 1477 3.
706 1446 770 1477 soli
788 1449 847 1478 {aa
870 1449 1022 1487 tegentes
1047 1446 1103 1478 Fr.
1129 1446 1178 1486 2.‚
1201 1446 1483 1486 solituategentis.

72 1490 104 1522 4.
123 1493 269 1522 mentem
284 1490 433 1531 vast-os„
453 1496 596 1532 gentem.
631 1491 682 1530 14,
698 1491 728 1523 2.
744 1492 874 1533 gaudio
891 1491 974 1529 Gel.,
992 1491 1076 1523 odio.
1096 1492 1126 1523 5.
1140 1491 1225 1523 nihil
1239 1502 1351 1533 arguo
1365 1491 1422 1523 Fr.
1440 1491 1484 1532 2.‚

73 1546 180 1578 neque
204 1545 319 1576 arguo.
347 1535 377 1568 6.
398 1536 742 1579 erz'ctesate1·iGel.,
769 1537 845 1569 erit.
874 1537 1093 1579 11.suer1mt
1109 1537 1231 1578 Bauer,
1262 1536 1397 1568 fuerint.
1434 1536 1483 1578 15,

73 1580 104 1612 2.
121 1581 170 1623 fit
186 1580 242 1612 Fr.
262 1581 306 1620 2.‚
323 1579 395 1613 suit.
417 1582 467 1613 10.
484 1593 570 1621 meo,
587 1582 647 1613 nbi
662 1581 741 1621 Mg.,
761 1581 870 1620 Crev.‚
889 1582 920 1613 in
939 1593 977 1613 eo
995 1582 1049 1613 ubi
1069 1582 1111 1622 (in
1131 1592 1170 1613 eo
1189 1584 1234 1614 ist
1251 1584 1296 1613 im
1319 1581 1426 1615 Tezrte
1443 1593 1485 1614 zu

74 1624 204 1667 tilgen).
226 1625 276 1657 13.
295 1637 334 1658 aa
350 1627 513 1659 meditata
531 1626 598 1666 W.,
617 1627 786 1659 meditata.
823 1628 873 1666 16,
893 1626 923 1658 3.
942 1629 1083 1659 nimiam
1101 1628 1186 1667 edd„
1203 1628 1345 1659 nimium.
1364 1626 1395 1657 6.
1412 1626 1486 1670 pla-

74 1680 160 1710 cere,
178 1672 246 1702 nisi
264 1671 341 1711 Mg.,
361 1672 532 1713 placerent
545 1672 582 1703 si.
609 1672 649 1703 ib.
670 1672 823 1704 cmzsules
842 1672 945 1710 Glar„
964 1672 1145 1704 consulem.
1165 1672 1194 1702 7.
1213 1673 1254 1704 ab
1269 1674 1302 1704 Α
1318 1671 1386 1711 W.,
1403 1671 1483 1713 Mg.,

75 1725 104 1746 a.
131 1715 162 1747 8.
184 1714 360 1749 Urba-uam
375 1718 463 1756 Asc„
481 1717 657 1748 uthienam.
687 1717 737 1754 17,
754 1718 785 1748 4.
811 1717 1021 1760 quodprt'mo
1042 1718 1127 1755 edd„
1143 1718 1227 1759 quod
1247 1728 1349 1749 more.
1380 1716 1432 1758 18,
1452 1717 1483 1748 2.

76 1760 299 1802 Ruscawex‚
317 1772 427 1803 pusca.
447 1763 477 1792 5.
497 1773 580 1803 quae
597 1764 697 1804 quina
715 1762 800 1803 Gel.,
818 1763 926 1804 quina.
947 1762 977 1794 8.
993 1762 1070 1794 inde
1087 1762 1247 1794 demtram
1263 1762 1330 1804 W.,
1350 1762 1380 1793 in
1400 1763 1486 1794 dex-

75 1810 172 1837 tram.
192 1805 241 1845 19,
258 1806 287 1837 3.
302 1806 488 1847 aclsunera
497 1806 564 1848 W.,
580 1811 667 1838 tunc.
688 1808 737 1838 10.
754 1806 790 1838 L.
807 1808 892 1848 ΑΜ,
909 1812 931 1839 t.
956 1807 1009 1849 21,
1027 1808 1054 1839 1.
1070 1807 1256 1839 Maedicam
1271 1807 1327 1839 Fr.
1346 1807 1387 1845 1.,
1403 1807 1482 1848 Siga,

75 1851 311 1883 macedoniam.
337 1852 368 1882 2.
387 1854 544 1884 verticem
562 1852 638 1883 Asc.
650 1877 658 1891 ,
682 1853 820 1884 vertice.
847 1853 879 1884 5.
898 1863 972 1884 cum
991 1855 1023 1884 ln
1040 1878 1045 1883 .
1062 1877 1069 1884 .
1087 1877 1093 1884 .
1108 1863 1221 1884 secum
1240 1853 1333 1890 edd„
1360 1853 1389 1883 in
1406 1877 1412 1884 .
1429 1877 1436 1884 .
1453 1877 1460 1884 .
1475 1877 1483 1884 .

75 1905 186 1927 secum
201 1906 284 1928 cum.
311 1896 340 1928 8.
356 1899 453 1940 patri
470 1898 604 1938 [latinu]
623 1897 689 1936 W.,
705 1898 788 1939 patri
805 1902 918 1929 tutum.
946 1898 999 1938 22,
1014 1898 1045 1929 4.
1063 1897 1143 1930 altis
1156 1898 1239 1930 locis
1254 1901 1305 1929 est
1320 1897 1397 1937 Mg.,
1414 1897 1483 1939 W.,

73 1940 148 1972 aliis
172 1941 254 1972 locis
278 1948 380 1974 esset.
406 1944 435 1974 U.
453 1943 668 1975 Dentheletos
687 1943 782 1985 l)rk.,
809 1944 998 1975 dentiletos.
1034 1943 1091 1984 24,
1113 1944 1140 1974 1.
1165 1945 1379 1984 arg-uzeoalur
1397 1942 1482 1982 Gel.,

73 1986 299 2026 arguebantur
318 1988 550 2027 (arguebant).
577 1988 606 2019 3.
629 1990 814 2020 Astraeum
834 1988 938 2029 Glur.,
955 1993 1113 2020 astreum.
1140 1988 1170 2020 7.
1190 1989 1381 2021 Beroeaeus
1400 1989 1481 2029 Sig„

74 2032 206 2064 herens.
243 2032 297 2073 25,
321 2033 349 2065 1.
375 2033 475 2065 duoeit
494 2033 587 2074 Drk„
605 2034 802 2066 introduxit.
828 2033 858 2065 7.
879 2033 936 2065 Cn.
953 2034 1113 2066 Baebium
1124 2033 1360 2078 proconsulem
1377 2033 1483 2074 Glar.,

72 2086 115 2109 m.
141 2076 288 2108 baebium
314 2079 492 2110 consulem.
533 2079 592 2121 26,
617 2079 646 2110 5.
670 2090 745 2111 sese
769 2080 882 2111 ituros
909 2079 1007 2119 Drk.,
1033 2090 1108 2110 esse
1133 2080 1239 2111 ituros
1264 2081 1390 2119 (ituros
1416 2080 1482 2118 se).

74 2121 105 2154 8.
125 2121 339 2165 Matienoqae
355 2126 452 2157 cuius
471 2124 562 2163 Gel.,
587 2125 756 2167 cuiusque.
790 2124 844 2166 27,
861 2124 892 2157 3.
917 2126 1093 2168 praetoricz
1110 2123 1253 2165 meme,
1275 2124 1344 2164 W.,
1364 2128 1483 2155 extra-

74 2167 331 2207 ordinariis(ios)
352 2180 381 2201 a.
407 2169 438 2201 4.
458 2168 620 2202 Servilius
637 2196 642 2202 .
661 2195 666 2201 .
682 2194 689 2202 .
703 2169 873 2213 Sulpicius
889 2171 1018 2202 tribuni
1029 2194 1036 2201 .
1052 2194 1059 2201 .
1076 2194 1083 2201 .
1098 2171 1290 2213 praepositi
1304 2169 1392 2210 Gel.,
1411 2180 1482 2200 ser—

73 2212 213 2245 vilium.
229 2214 447 2255 ..sulpicium
466 2215 638 2247 tribunos.
656 2241 662 2247 .
681 2241 685 2246 .
702 2215 912 2257 praepositis.
940 2217 970 2247 (5.
990 2215 1155 2248 Aurelius
1173 2215 1228 2247 Fr.
1252 2216 1300 2254 l.‚
1320 2215 1480 2246 valerius.

75 2257 128 2289 13.
146 2257 262 2290 devios
287 2258 381 2300 Gel.,
399 2260 428 2291 in
449 2260 575 2292 devios.
604 2260 654 2292 14.
675 2260 841 2301 [mllilum]
860 2261 986 2293 clamor
1005 2260 1082 2302 Gr.,
1099 2261 1237 2292 militum
1257 2261 1392 2292 clamor.
1427 2259 1481 2299 25,

73 2304 105 2335 2.
129 2314 236 2347 prope
254 2303 385 2346 Min-et„
404 2315 461 2347 pro
477 2316 525 2337 se.
551 2306 581 2337 4.
601 2307 859 2347 elsugienlium
878 2307 951 2338 edd.
969 2317 1037 2346 vv.,
1055 2308 1307 2348 qll’ugiehiietn1.
1329 2306 1358 2336 7.
1378 2305 1481 2345 quiin

71 2349 297 2393 praedatoriis
316 2349 424 2388 Crev„
444 2351 496 2393 qui
512 2351 740 2392 praedatores.
775 2351 827 2394 29,
846 2351 876 2383 2.
901 2353 1085 2383 mernoriae
1098 2351 1183 2390 Gel.,
1197 2351 1363 2383 memoria.
1381 2352 1410 2380 8.
1425 2359 1482 2380 ac-

73 2394 251 2427 comodala
271 2394 347 2437 fide
370 2394 461 2433 Gel.,
491 2397 682 2428 accomodat
706 2397 811 2428 iidem.
847 2396 897 2428 11.
920 2396 958 2428 id
978 2399 1114 2439 inlr-gra
1137 2397 1210 2428 edd.
1237 2407 1308 2434 vv.,
1341 2396 1481 2433 inti-gra.

76 2439 129 2471 12.
148 2451 185 2472 se
203 2439 255 2471 Fr.
276 2441 318 2482 2.‚
336 2440 384 2472 eis
402 2441 495 2483 (eius,
516 2452 551 2473 se
569 2444 625 2482 ct).
657 2441 707 2473 14.
725 2443 804 2484 igue
820 2453 841 2473 a
858 2444 1055 2474 victimariis
1074 2442 1159 2480 Gel.,
1186 2439 1481 2481 ignenvirtimahis.

75 2485 129 2527 30,
148 2485 180 2517 4.
205 2495 304 2527 quam
320 2488 478 2528 promime
498 2486 553 2518 Fr.
572 2487 620 2525 2.‚
640 2487 794 2529 proxime.
818 2489 848 2519 8.
869 2490 901 2519 et
918 2489 958 2519 ab
977 2487 1054 2527 Mg.,
1072 2488 1122 2518 ab.
1158 2487 1216 2524 31,
1236 2487 1265 2517 5.
1293 2487 1483 2526 aqum-erem

76 2529 152 2569 Gr.,
176 2532 389 2572 equestrium.
418 2532 448 2563 7.
465 2533 550 2563 salis
572 2533 762 2564 abso-actos
786 2533 857 2564 edd.
876 2543 948 2573 vv.,
972 2533 1064 2564 satis.
1091 2533 1120 2563 9.
1140 2533 1248 2574 caplis
1268 2530 1331 2569 Mg.
1350 2530 1480 2561 castris.

76 2574 130 2614 32,
152 2575 180 2607 1.
197 2575 320 2608 ardere
338 2576 422 2617 Gel.,
440 2577 606 2609 arderent.
640 2579 670 2609 2.
687 2578 860 2611 accidebat
877 2578 962 2619 Gel.,
978 2577 1190 2609 ncrundehat.
1225 2576 1278 2614 :3:3,
1297 2577 1326 2606 8.
1347 2576 1404 2618 qui
1419 2585 1480 2618 pa-

75 2619 165 2653 latie
179 2622 273 2663 suga
288 2621 342 2653 Fr.
357 2623 399 2663 2.‚
417 2622 545 2664 quidam
564 2623 655 2655 latini
670 2625 723 2666 qui
738 2635 755 2656 e
774 2623 860 2664 suga.
887 2625 917 2655 (Ι.
935 2621 1161 2667 oppugnando
1174 2621 1277 2653 domm
1292 2620 1358 2663 W.,
1378 2631 1481 2663 oppu-
