1712 2825
76 191 103 210 a.
125 183 179 209 ch.
203 183 264 208 172.

480 169 607 204 LIBER
625 168 805 203 ΧΧΧΧῙΙ.
841 169 934 203 CAP.
955 170 1008 203 13.
1030 171 1082 204 14.

1398 173 1480 213 293

77 276 240 324 curavit3
256 274 434 314 auxilium
452 273 645 326 Byzantiis
664 273 847 313 adversus
863 272 1002 312 foedus
1018 273 1121 321 tulit3
1137 273 1323 326 Dolopiae
1338 273 1481 315 bellum
1510 280 1530 313 8

75 333 221 381 intulit3
238 330 477 371 Thessaliam
499 336 536 370 et
555 330 737 370 Doridem
760 342 847 369 cum
869 329 1037 369 exercitu
1056 331 1236 382 pervasit,
1258 336 1302 371 ut
1322 332 1362 371 in
1378 332 1478 372 bello

76 390 256 430 intestino
286 387 489 427 deterioris
516 387 638 439 partis
668 387 806 427 auxilio
834 387 1036 426 meliorem
1066 387 1281 439 adfligeret3
1304 388 1480 429 confudit
1510 394 1531 426 9

76 452 114 486 et
132 443 286 485 miscuit
313 444 444 484 omnia
473 446 513 483 in
540 444 739 483 Thessalia
766 443 1079 494 Perrhaebiaque
1106 456 1177 496 spe
1204 455 1394 485 novarum
1421 450 1482 485 ta·

73 502 262 546 hulmum,
284 506 327 540 ut
345 513 465 540 manu
478 501 700 540 debitorum
718 501 886 540 obnoxia
904 500 978 540 sibi
997 500 1208 551 optumatis
1228 501 1480 552 opprimeret.

71 559 166 598 haec
185 569 273 597 cum
295 557 402 597 vobis
423 557 711 609 quiescentibus
733 562 770 597 et
789 557 1024 609 patientibus
1044 557 1178 597 fecerit
1198 561 1235 597 et
1251 569 1480 598 concessam
1513 565 1554 598 10

72 614 145 655 sibi
162 614 358 656 Graeciam
381 627 468 654 esse
488 627 509 653 a
529 615 640 654 vobis
661 614 795 662 videat,
816 627 888 666 pro
912 619 1016 653 certo
1038 614 1153 654 habet
1175 614 1373 654 neminem
1394 614 1479 662 sibi,

71 676 277 723 antequam
298 672 337 711 in
358 671 505 711 Italiam
526 672 732 720 traiecerit‚
750 676 941 711 armatum
960 683 1231 711 occursurum.
1272 671 1349 711 hoc
1365 684 1480 723 quam
1513 677 1551 709 11

70 728 180 769 vobis
202 732 329 768 tutum
351 733 416 768 aut
436 728 646 768 honestum
668 728 730 776 sit,
752 741 821 767 vos
839 728 1028 776 videritis3
1050 741 1119 780 ego
1138 733 1241 768 certe
1257 728 1353 768 mihi
1368 733 1482 780 turpe

71 798 158 825 esse
179 785 287 833 duxi,
307 786 415 837 prius
438 785 578 825 Persea
605 785 652 824 ad
673 785 814 825 bellum
835 785 1081 825 inferendum
1109 798 1223 837 quam
1245 797 1308 824 me
1328 785 1481 825 socium

71 843 117 882 ad
144 842 466 894 praedicendum,
493 847 536 882 ut
563 842 763 890 caveretis,
793 842 925 882 venire
952 842 993 881 in
1020 841 1179 882 Italiam.
1220 843 1377 882 functus
1409 854 1481 882 ne·
1511 847 1553 880 12

72 898 241 940 cessario
264 899 359 938 mihi
386 899 513 938 officio
536 903 573 938 et
600 899 768 951 quodam
799 899 919 939 modo
947 898 1107 938 liberata
1134 904 1248 950 atque
1277 904 1481 939 exonerata

70 956 145 996 fide
165 968 263 1005 mea,
287 957 377 1008 quid
400 956 496 995 ultra
517 956 641 996 facere
661 968 847 1008 possum,
871 968 986 1008 quam
1006 957 1063 996 uti
1084 956 1179 996 deos
1203 956 1370 1008 deasque
1390 968 1481 1008 pre-

73 1026 148 1060 cer,
168 1018 211 1052 ut
230 1025 300 1053 vos
323 1019 360 1053 et
379 1018 528 1052 vestrae
548 1013 603 1052 rei
633 1013 810 1064 publicae
831 1018 868 1052 et
893 1012 1010 1053 nohis
1041 1013 1160 1053 sociis
1190 1018 1306 1064 atque
1333 1013 1480 1060 amicis,

74 1070 139 1122 qui
161 1082 207 1108 ex
228 1070 337 1109 vobis
360 1069 589 1122 pendemus,
612 1068 888 1110 consulatis?“
931 1069 1034 1109 Haec
1055 1070 1178 1109 oratio
1207 1069 1331 1108 movit
1350 1074 1480 1121 patres
1508 1071 1561 1111 14

73 1125 331 1178 conscriptos.
371 1132 540 1166 ceterum
572 1127 609 1166 in
637 1126 855 1178 praesentia
881 1126 975 1165 nihil
1002 1131 1270 1178 praeterquam
1298 1126 1423 1166 fuisse
1443 1127 1484 1166 in

77 1183 180 1223 curia
196 1195 325 1233 regem
344 1184 443 1222 seire
459 1183 665 1235 quisquam
686 1184 833 1234 potuit:
858 1195 904 1222 eo
927 1182 1081 1223 silentio
1105 1183 1232 1222 clausa
1256 1182 1360 1222 curia
1382 1188 1483 1232 erat3

75 1239 174 1280 bello
198 1239 362 1291 denique
389 1240 577 1292 perfecto,
600 1253 772 1293 quaeque
800 1239 900 1279 dicta
923 1239 968 1279 ab
989 1252 1078 1292 rege
1100 1252 1273 1291 quaeque
1292 1251 1485 1292 responsa

73 1301 216 1342 essent,
240 1308 476 1336 emanavere.

187 1353 316 1392 Persei
339 1353 478 1393 deinde
499 1353 600 1403 regis
629 1353 761 1404 legatis
793 1357 886 1405 post
914 1365 1061 1404 paucos
1084 1353 1164 1392 dies
1186 1356 1346 1392 senatus
1368 1353 1482 1393 datus
1512 1362 1533 1396 2

73 1414 143 1450 est.
186 1414 355 1449 ceterum
383 1409 674 1462 praeoccupatis
702 1422 783 1449 non
805 1409 962 1450 auribus
990 1409 1114 1461 magis
1136 1421 1249 1461 quam
1272 1409 1412 1449 animis
1434 1409 1481 1450 ab

71 1511 226 1556 Byzant„
249 1520 276 1542 s.
296 1509 350 1550 39,
373 1510 428 1551 35,
452 1511 490 1550 4;
516 1510 637 1543 Nissen
665 1510 740 1543 147.

71 1576 115 1580 —
131 1555 248 1599 Dolop.
272 1574 293 1579 —
321 1555 449 1598 Thes-s.,
474 1556 528 1597 41,
554 1556 615 1593 22;
638 1556 740 1589 Doris

72 1603 117 1634 ist
133 1602 209 1634 dort
226 1601 314 1633 nicht
332 1603 495 1643 erwiihnt,
518 1602 572 1641 lag
589 1602 670 1634 aber
686 1600 745 1633 auf

72 1648 144 1680 dem
177 1645 303 1687 Wege,
343 1648 404 1678 den
438 1648 496 1679 der
528 1646 638 1688 litinig
670 1647 741 1679 ein-

72 1692 198 1733 schlug.
215 1711 258 1715 —
275 1693 309 1723 in
328 1692 409 1725 bello
427 1694 498 1734 int„
516 1702 611 1724 wenn
629 1712 651 1716 —
668 1697 740 1724 ent-

72 1737 202 1770 st'zinde.
218 1754 264 1760 —
279 1747 354 1770 nov.
374 1739 455 1776 tab„
474 1748 501 1769 s.
527 1747 554 1769 c.
579 1738 615 1776 5,
635 1737 669 1779 7,
688 1738 739 1770 die

73 1782 179 1815 Stelle
203 1792 262 1814 nus
286 1782 380 1814 Diod.
406 1793 446 1813 zu
471 1782 531 1823 41,
556 1782 614 1822 25,
642 1783 670 1814 1.
695 1801 741 1806 -

74 1831 215 1873 opium„
229 1826 293 1869 §8:
306 1828 477 1860 meliorem
491 1830 634 1872 purtem,
649 1828 739 1861 diese

73 1874 189 1906 stehen
213 1871 272 1905 auf
286 1873 345 1905 der
361 1874 452 1906 Seite
470 1874 529 1905 der
547 1872 684 1916 Riimerf,
711 1885 738 1906 s.

73 1919 127 1960 34,
146 1918 199 1961 51,
218 1917 249 1950 6.

121 1963 250 1996 10-12.
275 1974 424 1997 concess.
451 1969 526 2005 etc.,
550 1964 600 1996 als
625 1964 664 1995 ob
689 1964 740 1996 die

74 2009 196 2043 Riimer
214 2010 283 2041 sich
301 2021 361 2051 gar
379 2010 467 2042 nicht
490 2020 542 2042 11111
561 2009 742 2042 Griechen-

73 2055 148 2088 land
166 2054 426 2088 bekiimmerten.
449 2074 492 2079 —
516 2057 547 2087 in
568 2055 658 2096 hal„
682 2056 740 2087 der

73 2101 152 2134 Plan
172 2100 316 2144 Philipps
334 2102 387 2141 40,
406 2101 459 2133 57.
480 2120 518 2124 —-
541 2112 637 2143 quam
656 2112 685 2134 v.
705 2104 742 2142 Α,

74 2147 142 2188 vgl.
166 2146 219 2188 36,
245 2147 299 2188 30,
322 2147 352 2178 5.
376 2165 420 2170 —
442 2146 604 2187 videritis,
631 2147 658 2189 1,
688 2146 741 2186 58,

78 2192 130 2224 10.
148 2210 190 2215 —-
207 2202 334 2224 necessu
353 2193 444 2232 mihi,
469 2192 534 2232 vgl.
554 2193 584 2231 7,
604 2191 656 2230 26,
683 2192 740 2231 14;

77 2236 130 2278 24,
150 2235 179 2278 1,
204 2236 234 2268 2.
260 2255 304 2261 -—
327 2237 469 2269 liberata
480 2238 530 2279 s.,
553 2237 659 2269 meine
683 2247 741 2278 ge-

75 2281 288 2314 wissenhaste
302 2282 425 2324 Treuc,
443 2281 742 2323 Gewissenlinl'tig-

76 2327 146 2360 keit
162 2328 340 2369 gleichsam
358 2339 420 2360 von
440 2328 533 2359 einer
548 2327 661 2359 Fessel
678 2329 742 2360 und

77 2373 288 2405 driickenden
307 2373 388 2405 Last
407 2371 536 2411 befreit,
554 2383 623 2405 was
638 2374 742 2405 meine

78 2416 187 2450 Treue
204 2419 254 2451 als
273 2419 386 2451 Pssicht
404 2419 465 2450 mir
481 2416 666 2457 auferlegte
683 2429 742 2459 ge-

81 2463 154 2495 than
174 2475 215 2496 zu
228 2464 345 2504 huben,
360 2465 426 2504 vgl.
446 2463 538 2495 Curt.
558 2464 588 2504 6,
608 2463 660 2501 30,
685 2463 740 2495 12:

79 2508 243 2551 religiono
259 2510 358 2543 deum
376 2511 552 2541 astrz‘ceam
575 2512 743 2541 conscien-

81 2555 162 2586 tiam
185 2566 284 2588 suam
306 2565 495 2588 eze-onerare
522 2565 741 2599 properasse3

81 2597 119 2631 L.
136 2599 168 2642 9,
188 2599 239 2642 11,
259 2600 315 2633 13;
340 2601 481 2634 liberata
495 2600 579 2644 fide.
597 2618 642 2625 --
665 2601 744 2634 deos

812 1511 856 1552 d.,
871 1510 962 1552 s.29‚
979 1510 1032 1551 27,
1049 1510 1085 1550 13
1102 1511 1132 1551 7,
1146 1510 1200 1551 26,
1214 1510 1305 1552 4‚w0
1320 1511 1378 1543 das
1391 1511 1486 1543 mehr

812 1555 985 1588 feierliche
1017 1556 1086 1589 divi
1111 1555 1272 1599 divaeque
1303 1556 1485 1598 gebraucht

813 1602 868 1634 ist.
885 1620 930 1625 —
947 1603 1005 1644 qui
1020 1606 1096 1641 etc„
1115 1612 1142 1633 s.
1161 1600 1214 1644 37,
1232 1602 1286 1642 54,
1304 1601 1346 1633 23
1356 1601 1378 1634 f.

861 1642 928 1679 14.
949 1647 1037 1678 1-4.
1055 1646 1139 1678 nihil
1154 1651 1218 1679 etc.
1248 1647 1387 1690 Appian.
1403 1647 1424 1678 l.
1440 1647 1482 1679 l.:

812 1689 833 1733 ἢ
852 1689 888 1724 δ’
910 1691 1003 1735 ἔργω
1020 1689 1090 1736 μὲν
1115 1687 1181 1724 οὐκ
1203 1688 1359 1730 ἀξιοῦσα
1379 1694 1485 1734 βασι-

815 1737 878 1769 λέα
897 1734 1075 1791 σώφρονα
1091 1756 1114 1760 -
1131 1734 1229 1780 λόγῳ
1254 1735 1288 1769 δ’
1317 1733 1340 1769 ἃ
1365 1732 1485 1782 προῦ-

814 1793 929 1815 τεινεν
947 1795 965 1814 ο
978 1780 1146 1826 Εὑμενῆς
1165 1782 1366 1826 αἰτιωμένη
1381 1781 1483 1826 (σύγ-

812 1828 952 1869 κλητος)
978 1828 1159 1871 πολεμεῖν
1182 1825 1299 1872 ἔκρινε
1322 1828 1372 1871 τῷ
1390 1830 1484 1871 Περ-

814 1875 882 1914 σεῖ,
911 1873 970 1905 καὶ
999 1870 1099 1905 ταῦτ’
1132 1869 1329 1918 ἀπόρρητα
1360 1871 1412 1905 ἔτι
1444 1872 1484 1906 ἐν

814 1915 1065 1996 ἦῖξωέὠέοῖῗ
1078 1915 1314 1995 πῗὲῗέἱᾜέ
1329 1917 1484 1996 {iim

814 2011 906 2042 seine
919 1989 1199 2050 verh'andlungen
1218 2010 1311 2041 mehr
1327 2009 1376 2042 als
1390 2014 1485 2042 sonst

813 2055 1016 2097 gewiihnlich
1040 2055 1166 2095 geheim
1189 2055 1363 2096 gehalten,
1393 2065 1419 2087 s.
1452 2054 1483 2097 3,

814 2101 869 2141 41,
894 2101 931 2136 4:
964 2100 1016 2139 22,
1046 2100 1099 2139 59,
1128 2099 1184 2139 163
1211 2099 1323 2141 Lange
1341 2100 1378 2142 2,
1405 2099 1483 2133 349.

814 2147 873 2178 Die
894 2145 1099 2186 Bemcrkung
1122 2145 1166 2177 ist
1189 2146 1264 2188 wol,
1283 2146 1322 2177 da
1347 2146 1395 2177 sie
1414 2146 1483 2189 Ap-

813 2193 886 2235 pian
905 2192 964 2223 mit
982 2191 1018 2223 L.
1037 2191 1164 2231 gemein
1182 2191 1248 2231 hut,
1272 2191 1389 2234 Polyb.
1408 2196 1485 2223 ent-

815 2247 982 2277 nommen,
1014 2237 1073 2268 der
1101 2237 1258 2268 demnach
1288 2237 1370 2268 auch
1399 2238 1481 2268 rom.

816 2283 955 2324 Quellen
987 2282 1127 2314 benutzt
1156 2282 1229 2322 bat,
1258 2281 1379 2313 Nissen
1409 2281 1481 2313 106.

816 2328 1001 2368 Uebrigens
1020 2328 1104 2359 liisst
1121 2327 1261 2370 Appium
1286 2327 1354 2358 sich
1379 2326 1484 2358 selbst

816 2373 1116 2416 widersprechend,
1136 2371 1304 2404 Gcsundte
1323 2372 1380 2402 des
1400 2370 1484 2403 Per-

815 2429 893 2450 seus
921 2417 981 2450 aus
1005 2419 1056 2450 die
1081 2418 1394 2458 Anschuldigungen
1423 2416 1483 2448 des

816 2465 981 2496 Eumenes
1010 2468 1210 2496 nntworten.
1241 2481 1281 2485 —
1318 2471 1434 2504 quaeq.
1462 2480 1483 2485 -

815 2521 939 2553 quaeq„
961 2509 988 2550 1,
1008 2510 1061 2548 55,
1076 2509 1108 2540 6.

862 2555 948 2587 2-4.
981 2563 1150 2598 praeocc.‚
1169 2552 1227 2594 21,
1248 2552 1303 2594 20,
1323 2551 1358 2583 8:
1381 2563 1483 2597 prac-

815 2603 994 2645 occupalos
1025 2603 1091 2632 iarn
1123 2601 1201 2630 anto
1230 2599 1270 2631 ab
1301 2597 1483 2631 Hannibale
