1712 2825
95 235 120 253 a.
143 227 195 253 Ch.
217 227 278 252 174.

547 213 673 247 LIBER
699 212 865 246 XXXXI.
916 214 1010 247 CAP.
1035 215 1090 248 24.

1426 218 1505 257 261

95 318 242 360 occulte
260 318 358 357 facta
378 322 482 356 sunt.
519 317 663 356 divinat
683 317 810 365 etiam,
839 328 937 368 quae
963 317 1094 356 futura
1121 317 1275 366 fuerint,
1305 319 1336 357 si
1357 318 1507 371 Philip·
1535 327 1558 359 4

93 389 168 428 pus
188 375 357 420 vixisset,
381 373 472 425 quid
494 374 546 412 ita
566 374 736 413 Perseus
757 374 868 424 regni
889 374 1003 413 heres
1025 374 1087 419 sit,
1111 373 1200 424 quid
1223 381 1362 425 parent
1381 376 1509 415 Mace—

94 433 229 481 dones,
265 430 357 481 quid
394 430 565 481 cogitent
590 430 770 469 Romani.

92 499 248 527 causam
270 498 342 525 nec
359 499 473 538 quem
495 488 541 526 ad
558 487 721 526 modum
738 487 898 538 perierit
911 487 1131 526 Demetrius
1154 487 1302 526 scimus
1324 499 1395 527 nec
1416 489 1508 540 quid

88 543 304 594 Philippus,
325 542 358 582 si
380 544 553 589 vixisset,
580 543 755 583 facturus
783 544 910 590 fuerit,
943 544 990 582 ad
1018 544 1125 589 haec,
1154 555 1251 594 quae
1280 543 1408 594 palam
1439 557 1509 595 ge-

88 604 241 647 runtur,
262 599 424 639 consilia
445 606 581 639 nostra
604 601 901 640 accommodare
923 605 1089 652 oportet.
1131 612 1175 639 ac
1196 601 1343 640 scimus
1365 600 1508 640 Persea
1535 610 1554 641 6

87 668 209 706 regno
232 662 390 708 accepto
411 669 539 708 regem
563 669 580 695 a
604 657 750 708 populo
773 657 951 696 Romano
975 657 1230 708 appellatum,
1250 657 1430 696 audimus
1450 657 1507 696 le-

87 718 198 764 gatos
219 713 421 752 Romanos
443 715 598 753 venisse
619 714 666 752 ad
687 726 818 764 regem
840 719 877 752 et
897 726 964 752 eos
985 713 1151 764 benigne
1173 719 1369 765 exceptos.
1411 713 1509 753 haec
1536 721 1555 752 7

89 770 219 808 omnia
240 769 347 821 pacis
369 770 547 822 equidem
569 770 678 821 signa
700 783 786 809 esse
808 770 949 817 iudico,
971 782 1054 810 non
1075 769 1172 817 belli,
1202 782 1276 809 nec
1305 770 1507 809 Romanos

37 868 41 871 ¹
89 826 233 865 offendi
261 839 395 878 posse,
427 827 472 873 si,
502 832 545 866 ut
572 827 713 866 bellum
748 832 925 877 gerentes
959 840 1026 866 eos
1062 827 1185 866 secuti
1214 840 1366 873 sumus,
1402 838 1509 866 nunc

87 895 244 934 quoque
270 884 377 935 pacis
409 889 586 922 auctores
617 896 838 935 sequamur.
888 896 956 923 cur
987 884 1143 935 quidem
1175 895 1250 922 nos
1278 883 1507 934 inexpiabile

88 940 265 978 omnium
287 939 360 978 soli
379 940 521 979 bellum
545 940 729 979 adversus
751 953 915 1003 regnum
936 941 1192 980 Macedonum
1210 953 1403 991 geramus,
1425 952 1508 979 non

86 996 210 1035 video.
253 997 467 1060 opportuni
488 997 781 1048 propinquitate
800 997 886 1048 ipsa
908 997 1152 1036 Macedoniae
1173 995 1343 1036 sumus?
1374 1008 1423 1035 an
1445 997 1506 1035 in-

86 1052 303 1091 firmissimi
340 1054 531 1100 omnium,
572 1060 785 1105 tamquam,
825 1066 923 1105 quos
953 1066 1080 1105 nuper
1108 1053 1270 1104 subegit
1302 1052 1506 1104 Dolopes?

88 1109 210 1147 immo
233 1115 367 1148 contra
390 1122 432 1148 ea
454 1111 511 1149 vel
533 1110 678 1149 viribus
702 1111 862 1156 nostris,
887 1111 1001 1149 deum
1020 1110 1269 1161 benignitate,
1300 1111 1355 1149 vel
1376 1111 1506 1160 regio-

86 1165 148 1204 nis
169 1165 366 1205 intervallo
388 1167 471 1205 tuti.
510 1167 578 1205 sed
600 1167 724 1205 simus
747 1180 865 1218 aeque
887 1167 1051 1206 subiecti
1078 1179 1122 1206 ac
1151 1166 1329 1206 Thessali
1357 1166 1503 1205 Aetoli-

87 1289 297 1329 theilungen3
327 1290 358 1321 in
389 1290 512 1321 diesem
543 1289 759 1322 zusammen-

85 1334 192 1374 hange
210 1335 320 1374 wenig
337 1335 553 1366 verschieden
573 1345 637 1366 von
656 1346 761 1366 enun-

86 1380 166 1418 teat,
192 1379 259 1419 vgl.
279 1379 336 1421 25,
363 1379 399 1419 9,
425 1380 456 1413 4.
474 1381 670 1421 —faerint
694 1381 758 1411 und

74 1425 214 1466 factar-
229 1425 351 1466 suerit
367 1425 455 1466 sind,
485 1425 632 1466 obgleich
652 1426 681 1457 d.
701 1425 758 1456 Hs.

73 1470 229 1511 fuerant
246 1470 311 1510 hat,
332 1471 362 1501 in
378 1471 438 1501 der
451 1471 634 1502 indirecten
650 1470 758 1511 Frage

84 1515 306 1555 nothwendig.
331 1533 376 1538 -—
392 1515 473 1558 quid
489 1518 552 1557 Ita,
577 1526 603 1548 s.
629 1527 656 1547 c.
678 1517 707 1554 Τ,
728 1516 758 1547 7.

84 1577 129 1584 —-
151 1560 196 1592 ad
222 1561 317 1601 llaec,
348 1562 408 1592 der
431 1560 525 1592 Brief
550 1572 581 1592 u.
605 1561 663 1592 das
689 1560 758 1593 Ge-

85 1606 219 1637 sclienk.
238 1625 281 1628 -—
298 1616 338 1637 ac
355 1608 481 1638 scimus
500 1611 581 1638 etc.:
602 1607 666 1637 und
682 1617 757 1647 nun,

85 1661 149 1682 nun
176 1651 257 1682 aber
282 1652 404 1682 wissen
429 1652 507 1691 wir,
534 1649 758 1692 Ankniipfung

85 1696 144 1727 des
162 1695 394 1737 Uutersatzes,
412 1696 478 1727 Cic.
495 1697 551 1728 Or.
576 1696 602 1736 l,
626 1696 675 1734 12,
697 1697 755 1727 54:

85 1744 202 1782 atque3
230 1751 258 1783 p.
279 1741 377 1772 Arch.
402 1741 440 1779 Τ,
469 1741 523 1772 15:
547 1744 647 1782 atque
671 1741 758 1773 idem

86 1790 168 1826 etc.;
187 1786 269 1817 auch
287 1788 384 1828 atqui
398 1787 488 1817 w'are
507 1787 668 1828 passend:
694 1786 757 1817 Pe-

85 1831 193 1862 rizou.
211 1841 314 1863 verm.
332 1834 379 1863 at.
397 1850 432 1854 —
456 1834 601 1875 accepto,
621 1833 659 1863 da
680 1833 709 1863 in
726 1832 756 1863 d.

84 1875 141 1908 Hs.
168 1875 253 1916 folgt
275 1877 430 1919 alegatos
446 1888 608 1909 romanos
626 1879 758 1909 venisse

84 1921 130 1954 ad
155 1931 271 1964 regem
302 1922 429 1954 Persea
457 1922 502 1954 ad
528 1933 580 1965 pr.
611 1923 758 1966 appella-

86 1970 168 2007 tum,
183 1977 219 1998 so
235 1967 279 1999 ist
293 1978 328 1999 es
343 1966 558 2007 zweifelhaft,
577 1967 616 1998 ob
632 1969 683 1999 die
699 1979 758 1999 zu·

84 2017 260 2053 gesetzten
281 2012 401 2045 Worte
419 2023 478 2044 aus
496 2014 568 2045 dem
588 2013 682 2054 Foig.
697 2024 756 2053 ge—

83 2067 232 2089 uommen
247 2058 331 2100 sind,
344 2059 425 2090 oder
439 2059 511 2090 eine
526 2059 756 2099 gegenseitige

39 2103 43 2106 ’
84 2102 314 2144 Beschickung
355 2105 455 2135 durch
489 2103 658 2136 Gesandte
697 2104 755 2135 be·

85 2148 237 2180 zeichnet
260 2159 347 2189 war-3
373 2148 477 2181 Gron.
496 2160 599 2181 v.er¹n
619 2153 755 2193 accepto

83 2192 214 2236 legatos
243 2193 387 2226 Romam
410 2196 549 2236 mik-Isse,
575 2205 614 2226 ac
639 2206 757 2237 regem

85 2243 148 2271 etc.
173 2257 217 2262 —
241 2239 410 2282 equidem,
440 2240 651 2271 versta'rktes
681 2242 756 2283 qui-

85 2283 199 2316 dem.
203 2304 231 2306 —
255 2286 366 2317 secuti
386 2296 412 2316 s
432 2304 453 2307 -
470 2296 671 2327 sequamur,
695 2285 757 2317 ab-

86 2328 757 2414 gichtlichwiederbolt,s.§9·19326,

132 2419 180 2450 7-
158 2419 239 2451 -10.
266 2419 325 2451 Die
352 2420 439 2460 Lage
465 2430 606 2452 unseres
625 2420 755 2453 Landes

85 2464 149 2496 und
174 2475 296 2497 unsere
320 2466 436 2505 eigene
461 2466 569 2497 machi
591 2466 643 2497 die
668 2465 756 2497 Ver-

35 2507 40 2511 ”
86 2507 230 2551 hindung
243 2510 301 2541 mit
316 2510 441 2542 Maced,
458 2511 547 2542 nicht
559 2509 754 2551 gestihrlich.

87 2569 131 2577 —
151 2564 213 2587 cur
235 2555 342 2597 quid„
371 2556 465 2587 einen
492 2555 607 2588 Grund
632 2557 756 2597 wenig-

87 2601 197 2638 stens3
211 2610 283 2632 man
299 2600 422 2633 k'dnnte
436 2600 569 2643 quidem
582 2602 662 2633 eher
675 2603 755 2633 nach

86 2652 149 2675 nos
166 2649 345 2678 erwarten.
363 2665 407 2669 —
425 2648 577 2679 omnium
593 2647 673 2687 soli,
691 2657 717 2678 s.
735 2647 756 2688 ξ

836 1290 886 1322 10.
899 1308 944 1313 -
961 1301 1003 1321 an
1018 1294 1095 1331 etc.,
1112 1291 1186 1321 eine
1200 1291 1322 1321 zweite
1337 1290 1506 1322 selbstiin-

832 1336 920 1375 dige,
952 1336 1041 1366 nicht
1064 1336 1124 1366 der
1146 1336 1267 1367 zweite
1293 1334 1389 1366 Theil
1413 1336 1507 1367 einer

832 1378 1067 1422 Doppelfrage.
1084 1398 1129 1402 —
1149 1382 1250 1412 immo
1277 1385 1340 1411 ete.
1368 1381 1507 1420 liiugnet

832 1426 893 1457 den
908 1424 1017 1457 lnhalt
1030 1425 1145 1457 beider
1159 1425 1309 1466 Fragen3
1324 1425 1387 1457 sed
1398 1428 1507 1458 simus

832 1476 896 1504 etc.
921 1471 1006 1502 lasst
1024 1471 1076 1502 die
1095 1476 1184 1502 erste
1202 1472 1314 1512 gelten
1333 1481 1384 1502 um
1403 1472 1506 1503 durch

831 1517 928 1548 einen
958 1526 1063 1547 neuen
1090 1515 1205 1548 Grund
1233 1517 1286 1548 die
1316 1516 1438 1548 zweite
1464 1527 1507 1548 zu

831 1561 1046 1602 widerlegen.
1066 1580 1107 1584 —
1127 1563 1228 1593 inemo
1247 1564 1365 1594 contra
1384 1572 1424 1593 ea
1445 1562 1505 1593 fin-

830 1607 887 1638 det
919 1607 987 1639 sich
1020 1607 1128 1638 seiten
1161 1617 1198 1638 so
1233 1607 1442 1646 verbunden,
1477 1617 1504 1639 s.

831 1652 959 1692 Digest‚
991 1651 1050 1690 33,
1081 1652 1115 1690 7,
1148 1651 1186 1690 33
1222 1652 1313 1683 Haud
1344 1651 1441 1683 Turs.
1473 1651 1504 1691 3,

830 1696 914 1735 2343
944 1700 1063 1728 contra
1085 1707 1140 1735 ea,
1167 1707 1193 1728 s.
1220 1698 1256 1736 2,
1281 1697 1341 1737 (30,
1371 1697 1405 1737 1,
1430 1697 1504 1729 eine

829 1742 1032 1781 Steigerung
1061 1752 1123 1772 von
1154 1744 1268 1774 immo.
1300 1760 1340 1764 ——
1370 1744 1504 1784 region.

830 1789 906 1827 int„
937 1788 988 1818 die
1019 1787 1228 1818 dazwischen
1258 1787 1411 1827 liegeude
1437 1787 1503 1819 Ge-

829 1833 925 1872 gend,
943 1832 1011 1871 vgl.
1032 1832 1084 1871 32,
1108 1832 1157 1871 17,
1180 1832 1237 1870 123
1261 1831 1506 1873 Widerlegung

831 1887 894 1908 von
922 1888 948 1909 c.
974 1877 1034 1914 23,
1064 1878 1114 1908 16.
1140 1897 1181 1900 —
1205 1879 1331 1917 simus,
1355 1879 1412 1909 das
1431 1878 1505 1909 hds..

830 1934 951 1955 smnus
970 1923 1055 1954 liisst
1073 1923 1140 1954 sich
1161 1933 1223 1954 nur
1240 1923 1407 1954 kiinstlich
1426 1933 1504 1954 ver-

831 1969 1015 2007 theidigen,
1041 1978 1066 1998 S.
1087 1968 1123 2006 5,
1143 1968 1196 2008 53,
1221 1968 1253 2001 1:
1280 1968 1369 1999 Hand
1390 1969 1410 1999 l.
1432 1968 1452 1999 1.
1476 1968 1504 2007 l,

832 2013 912 2053 1823
937 2013 1014 2045 340.
1031 2031 1075 2035 —
1092 2015 1245 2052 subiecti,
1264 2014 1368 2045 nicht:
1390 2018 1506 2044 unter-

828 2057 973 2096 worfen,
998 2058 1061 2089 wie
1084 2060 1229 2090 subiecti
1248 2062 1348 2101 alque
1366 2060 1508 2091 obnooeii

828 2106 921 2136 vobis
946 2106 1073 2136 erimus
1100 2105 1136 2143 7,
1155 2104 1214 2142 30,
1235 2104 1270 2142 2,
1288 2104 1355 2143 vgl.
1375 2104 1393 2145 ξ
1413 2104 1431 2135 S
1451 2114 1502 2135 wo

828 2151 964 2191 subegit
991 2153 1074 2180 statt
1103 2151 1224 2181 subicit
1253 2160 1294 2180 zu
1325 2149 1417 2181 lesen
1448 2150 1504 2190 ist,

829 2196 989 2227 sunder-n:
1009 2195 1110 2225 durch
1126 2195 1177 2226 die
1193 2194 1281 2234 Lage
1295 2199 1502 2235 ausgesetzt,

830 2242 892 2272 wie
916 2241 1039 2271 vorher
1057 2241 1255 2283 opportuni,
1282 2240 1347 2279 vgl.
1365 2240 1424 2280 42,
1452 2239 1502 2279 ¹2,

833 2286 891 2324 103
910 2296 950 2317 zu
969 2287 1113 2317 subiecti
1128 2296 1168 2316 zu
1183 2285 1310 2317 denken
1328 2285 1502 2323 Romanis,

831 2331 1026 2362 Bradst'ater
1045 2331 1155 2362 Aetol.
1182 2330 1246 2361 483
1272 2342 1301 2361 n.
1330 2330 1431 2362 1775.
1459 2329 1503 2360 ist

830 2377 930 2407 sehon
957 2386 1071 2415 wegen
1099 2377 1157 2407 des
1178 2375 1501 2413 Zusnmmenhunges

831 2422 920 2453 nicht
949 2421 1107 2461 miiglich,
1137 2422 1176 2452 da
1210 2420 1313 2452 nihilo
1336 2419 1413 2463 plus
1436 2423 1500 2450 etc.

830 2467 891 2498 den
908 2466 1088 2498 Gedunken
1104 2465 1290 2504 hinzufiigt:
1311 2475 1404 2495 wrnn
1419 2464 1501 2496 auch

829 2522 932 2543 unser
950 2512 1040 2543 Laud
1065 2512 1188 2543 ebenso
1212 2510 1273 2540 wie
1292 2508 1444 2541 Aetolien
1468 2519 1500 2540 u.

830 2556 950 2589 Thess.
967 2556 1111 2588 Perseus
1129 2559 1324 2593 ausgesetzt
1341 2554 1444 2593 w'u‘re,
1463 2564 1500 2585 so

829 2603 943 2634 hiitten
979 2603 1042 2633 wir
1075 2602 1156 2632 doch
1185 2600 1236 2630 bei
1266 2599 1327 2630 den
1356 2598 1500 2630 mimern

830 2648 922 2679 mehr
955 2647 1115 2685 Einssuss,
1154 2644 1291 2677 wiirden
1325 2645 1404 2676 eher
1436 2655 1500 2677 von

825 442 900 469 nos
931 435 1073 478 autem,
1110 430 1175 481 qui
1206 442 1278 469 nec
1313 431 1362 470 ob
1391 445 1507 484 quam
1537 439 1557 471 5

1535 1003 1555 1035 8
