1712 2825
59 191 84 209 a.
106 183 159 210 Ch.
180 184 241 209 182.

516 171 644 205 LIBER
668 171 819 204 XXXX.
865 170 956 204 CAP.
975 172 1006 204 7.

1386 174 1461 213 121

57 281 244 327 utrosque
269 275 308 314 in
336 275 466 314 vinum
491 274 618 313 traxit.
659 274 980 313 commemoratio
1008 273 1059 312 ibi
1089 274 1309 314 certaminis
1331 274 1465 314 ludicri
1495 281 1513 313 3

59 339 96 372 et
125 333 257 372 iocosa
283 331 382 371 dicta
411 332 450 370 in
480 330 740 376 adversarios,
769 331 819 370 ita
847 336 889 369 ut
915 342 964 369 ne
991 330 1087 382 ipsis
1117 331 1272 382 quidem
1304 331 1464 371 ducibus

59 389 333 434 abstineretur,
360 387 614 428 iactabantur.
660 387 706 426 ad
734 388 805 426 has
832 387 1075 438 excipiendas
1102 399 1217 426 voces
1247 388 1467 438 speculator
1495 397 1515 428 4

59 458 104 485 ex
129 444 298 484 convivis
319 445 450 484 Persei
471 444 617 484 missus
640 456 726 483 cum
748 443 940 483 incautior
961 444 1251 492 obversaretur,
1282 450 1465 496 exceptus

57 514 78 542 a
103 500 304 540 iuvenibus
330 501 431 540 forte
457 501 622 540 triclinio
650 500 818 552 egressis
847 501 1049 540 mulcatur.
1090 501 1205 540 huius
1228 500 1283 539 rei
1310 500 1466 551 ignarus
1497 509 1514 539 5

57 558 275 598 Demetrius
294 559 412 609 „quin
425 558 683 597 comisatum“
701 557 826 609 inquit
843 557 916 605 „ad
928 557 1087 596 fratrem
1100 557 1202 596 imus
1216 562 1253 595 et
1263 557 1360 595 iram
1373 558 1468 601 eius,

59 615 92 654 si
112 626 185 665 qua
206 627 250 653 ex
272 615 482 654 certamine
502 614 661 661 residet,
684 613 927 666 simplicitate
948 619 985 653 et
1005 614 1192 653 hilaritate
1212 618 1346 652 nostra
1367 614 1469 652 leni-

57 669 212 711 mus?“
246 684 384 710 omnes
404 671 461 710 ire
481 684 523 710 se
545 671 833 710 conclamarunt
853 676 1005 722 praeter
1026 683 1106 718 eos,
1128 671 1192 722 qui
1213 670 1468 721 speculatoris
1498 679 1517 710 6

59 728 105 767 ab
134 740 177 767 se
202 727 342 779 pulsati
363 734 605 779 praesentem
625 727 811 767 ultionem
833 727 1068 767 metuebant.
1109 740 1196 767 cum
1224 739 1291 765 eos
1315 739 1471 778 quoque

59 784 276 824 Demetrius
303 785 491 832 traheret,
513 785 661 824 ferrum
691 789 792 823 veste
822 784 1073 830 abdiderunt,
1105 797 1181 835 quo
1211 796 1252 822 se
1273 784 1407 830 tutari,
1438 784 1471 822 si

60 853 133 893 qua
163 841 218 880 vis
247 842 374 888 fieret,
403 847 580 893 possent,
623 841 717 880 nihil
746 841 885 880 occulti
907 854 993 880 esse
1013 841 1053 880 in
1074 841 1254 880 intestina
1277 840 1471 879 discordia

59 903 201 949 potest.
240 903 402 949 utraque
429 899 569 937 domus
601 897 886 950 speculatorum
917 904 954 937 et
974 898 1220 949 proditorum
1244 897 1356 948 plena
1378 902 1470 936 erat.
1503 906 1519 936 ἲ

59 955 323 1007 praecucurrit
343 955 457 994 index
478 956 523 994 ad
546 955 687 994 Persea
708 955 810 994 ferro
834 954 1058 994 subcinctos
1082 954 1264 993 nuntians
1288 966 1375 993 cum
1396 954 1470 993 De-

61 1011 201 1050 metrio
232 1016 414 1062 quattuor
444 1012 708 1051 adulescentes
740 1012 879 1050 venire.
930 1011 1000 1050 etsi
1033 1023 1146 1050 causa
1179 1011 1387 1062 adparebat
1413 1034 1467 1038 —
1501 1019 1519 1050 8

61 1079 151 1107 nam
181 1067 226 1107 ab
254 1068 300 1107 iis
332 1069 526 1119 pulsatum
556 1068 758 1107 convivam
785 1081 900 1107 suum
929 1067 1100 1108 audierat
1127 1091 1200 1114 --‚
1227 1067 1472 1106 infamandae

63 1123 118 1162 rei
150 1136 266 1163 causa
297 1125 450 1163 ianuam
480 1125 652 1164 obserari
683 1124 788 1163 iubet
814 1130 851 1164 et
878 1138 921 1163 ex
951 1130 1060 1176 parte
1090 1124 1292 1175 superiore
1321 1123 1470 1162 aedium

63 1180 263 1232 versisque
280 1180 318 1219 in
335 1181 432 1219 viam
451 1181 629 1220 fenestris
649 1181 1119 1231 comisatores,tamquam
1134 1182 1179 1220 ad
1193 1180 1347 1219 caedem
1361 1192 1470 1219 suam

65 1236 280 1283 venientes,
309 1237 414 1276 aditu
441 1238 574 1277 ianuae
603 1243 716 1276 arcet.
765 1237 983 1276 Demetrius
1010 1250 1080 1288 per
1107 1238 1257 1284 vinum,
1280 1237 1383 1288 quod
1406 1250 1471 1275 ex-
1501 1249 1519 1280 9

65 1293 301 1340 cluderetur,
329 1294 526 1345 paulisper
554 1294 781 1333 vociferatus
811 1295 850 1333 in
880 1295 1094 1333 convivium
1123 1294 1241 1339 redit,
1272 1293 1391 1332 totius
1419 1293 1473 1332 rei

62 1349 232 1400 ignarus.

64 1491 106 1496 —
125 1473 264 1512 invitat„
280 1473 525 1513 Aufforderung
545 1484 586 1504 zu
602 1473 731 1505 trinken

64 1528 128 1551 von
147 1517 261 1550 Seiten
280 1519 340 1550 der
358 1518 546 1558 Gastgeber
569 1519 650 1550 oder
673 1519 733 1550 der

66 1562 169 1595 Giiste
184 1568 282 1595 unter
295 1564 375 1604 sich,
390 1574 416 1596 s.
427 1563 480 1604 23,
496 1563 526 1603 8,
542 1564 732 1596 7.—1'1n·e-

64 1609 142 1649 naI.,
167 1607 219 1650 37,
244 1608 296 1650 20,
319 1609 350 1642 5.
371 1627 416 1632 —-
438 1611 470 1640 in
492 1611 570 1648 rin„
595 1620 621 1641 s.
646 1609 667 1652 ξ
693 1610 730 1648 9;

66 1652 120 1692 37,
144 1653 174 1694 7,
196 1653 251 1685 12:
275 1656 310 1685 t'n
332 1653 477 1686 multum
501 1655 572 1686 rim'
593 1665 731 1698 proees-

67 1701 170 1730 serat.
210 1715 255 1721 —-
289 1699 494 1742 excipiend„
527 1700 734 1741 erlauschen,

67 1753 120 1774 um
139 1741 311 1775 Gebraueh
330 1744 435 1775 dax-on
457 1755 497 1775 zu
511 1745 655 1783 macheu,
675 1745 734 1776 be-

69 1787 208 1820 sonders
226 1799 298 1819 zum
317 1788 488 1821 Nachtbeil
515 1789 651 1830 desseu,
675 1790 734 1822 der

68 1833 271 1875 gesprochen
291 1834 362 1874 liat,
387 1834 421 1876 2,
442 1835 476 1873 4,
497 1835 534 1872 53
555 1834 588 1875 4,
609 1834 667 1874 30,
694 1834 732 1874 33

67 1879 108 1910 im
129 1878 222 1918 Folg.
246 1879 290 1910 ist
313 1882 478 1923 eoeceptas
502 1880 566 1911 wo!
589 1879 733 1912 absirht-

67 1924 129 1956 lich
153 1923 233 1955 aber
258 1924 287 1955 in
320 1928 425 1956 etwas
453 1926 608 1956 anderen}
633 1926 734 1957 Sinne

66 1969 263 2010 gebrauclit,
282 1980 308 2001 s.
330 1969 383 2011 33,
405 1969 456 2012 29,
481 1970 511 2002 2.
530 1988 573 1993 -
592 1972 735 2011 obversa,

67 2014 120 2055 35,
139 2015 190 2054 15,
208 2015 239 2046 ὕ.
258 2033 300 2038 —
320 2015 452 2055 triclin„
467 2016 734 2058 Speisezimmer,

68 2060 148 2092 nach
164 2060 592 2102 rtimischerssezeichnung,
609 2061 735 2094 Becker

69 2104 186 2138 Gallus
211 2104 246 2146 3,
277 2105 359 2147 2633
389 2106 423 2148 2,
448 2106 531 2145 2263
563 2108 633 2139 liier
657 2108 735 2139 sehr

67 2150 238 2192 geriiumig
256 2161 296 2182 zu
314 2151 454 2183 denken.
470 2170 515 2175 ——
537 2152 682 2192 malent„
703 2153 734 2192 S,

65 2195 119 2236 24,
140 2195 179 2227 15
198 2206 228 2227 u.
246 2206 276 2228 a.

115 2286 202 2317 54³.
230 2288 318 2328 quin,
339 2287 364 2325 1,
384 2287 437 2329 57,
456 2288 484 2319 7.
503 2306 547 2311 —-
564 2289 732 2329 comisac„

67 2330 98 2370 3,
129 2329 182 2371 29,
214 2333 251 2371 53
283 2332 312 2373 9,
347 2332 394 2374 17,
428 2332 476 2364 17.
507 2351 549 2356 -
578 2333 732 2377 simplic„

68 2376 244 2415 Offenhest,
265 2376 557 2418 Unbei'angenheit,
577 2390 604 2410 c.
622 2380 652 2418 S,
675 2379 731 2417 10;

68 2421 122 2461 23,
149 2422 186 2463 13
210 2423 258 2454 sie
282 2422 402 2454 wollen
429 2423 560 2464 zeigen,
583 2424 659 2455 dass
684 2425 732 2455 sie

66 2466 118 2499 bei
133 2467 204 2500 dem
223 2466 359 2511 Kampfe
377 2468 472 2500 keine
490 2469 570 2500 biise
588 2469 734 2511 Absicht,

67 2511 163 2544 keine
178 2513 466 2554 {lintei-gedanken
482 2514 600 2553 [ιι-113111.
618 2515 733 2546 haben.

67 2575 109 2581 —
131 2559 193 2598 ire,
219 2560 290 2591 dem
316 2560 512 2599 vorhergeh.
541 2562 630 2592 imus
660 2565 733 2591 ent-

67 2604 264 2647 sprecliend,
282 2605 410 2638 enthiilt
428 2605 485 2636 das
502 2603 649 2646 Wollen,
668 2606 733 2646 vgl.

805 1473 836 1513 4,
851 1472 903 1512 58,
922 1472 978 1511 14;
995 1473 1025 1513 5,
1042 1472 1095 1512 21,
1111 1471 1149 1512 8;
1165 1472 1218 1513 32,
1234 1472 1286 1511 37,
1301 1472 1331 1506 6.
1345 1491 1389 1496 -
1403 1476 1475 1505 lra-

804 1519 884 1558 l1e1·.,
910 1518 948 1559 9,
983 1518 1037 1559 19,
1069 1519 1098 1550 5.
1128 1537 1172 1541 —
1199 1528 1311 1562 praes.
1336 1518 1416 1559 υἱὲ,
1443 1518 1474 1557 2,

805 1564 858 1603 30,
878 1565 908 1605 5,
926 1564 988 1596 wie
1001 1574 1166 1607 praesens
1181 1574 1320 1596 merces.
1337 1583 1379 1587 —
1393 1563 1478 1596 m'lu'l

805 1609 926 1641 occulti
955 1614 1032 1648 etc„
1061 1610 1257 1650 allgemeine
1283 1609 1475 1649 Gedanken,

804 1655 856 1686 die
881 1659 986 1686 etwas
1005 1654 1194 1695 Folgendes
1217 1654 1374 1686 einleiten
1395 1655 1476 1686 oder

806 1700 1033 1740 vorbereiten,
1053 1701 1167 1732 steht-n
1187 1699 1353 1731 meliri'acli
1373 1709 1475 1742 asyn-

806 1745 951 1784 detiscln,
993 1755 1019 1776 s.
1055 1744 1108 1783 37,
1148 1744 1206 1781 39,
1247 1744 1283 1783 3;
1326 1744 1385 1785 38,
1423 1744 1474 1783 13,

810 1790 844 1821 11
868 1801 898 1820 ιι.
916 1800 964 1827 a.;
992 1800 1065 1821 zuin
1085 1789 1264 1821 Gedanken
1293 1800 1318 1821 s,
1346 1790 1398 1831 39,
1421 1790 1475 1828 51,

808 1835 846 1873 ῦς
866 1835 987 1867 occulit*
1002 1836 1064 1866 wic
1084 1846 1111 1866 c.
1131 1835 1162 1875 8,
1185 1835 1478 1877 183111'l1ilreliqm'

809 1880 837 1916 7,
859 1880 912 1917 35,
932 1884 950 1912 b
970 1891 1001 1912 u.
1019 1891 1047 1912 a.
1066 1900 1107 1902 —-
1125 1882 1296 1917 nuntians,
1316 1891 1342 1911 s.
1366 1880 1420 1919 21,
1441 1880 1471 1919 6,

809 1924 847 1964 2;
878 1925 1016 1957 Crevier
1041 1926 1110 1958 liiilt
1130 1926 1188 1957 das
1213 1925 1313 1957 W'ort
1337 1924 1391 1957 fiir
1414 1936 1475 1957 un-

808 1971 894 2002 iit-lit.
914 1989 957 1993 —
975 1972 1041 2002 etsi
1056 1972 1139 2002 ohne
1159 1973 1285 2012 tamen,
1313 1981 1338 2002 s.
1368 1971 1395 2011 1,
1421 1971 1475 2011 58,

812 2015 868 2054 10,
887 2015 942 2057 36,
960 2016 1012 2057 40,
1027 2016 1046 2047 9
1066 2027 1095 2047 u.
1111 2026 1154 2054 a.,
1173 2016 1295 2047 ebenso
1314 2017 1396 2048 wird
1416 2027 1477 2048 vor

805 2063 1041 2104 praecucurrit
1064 2062 1165 2093 leicht
1187 2064 1296 2103 igitur
1323 2062 1474 2101 gcdacht,

807 2117 833 2138 s.
853 2106 905 2145 36,
926 2106 980 2146 32,
1002 2107 1032 2138 5.
1052 2125 1094 2130 -—
1112 2118 1158 2138 em
1178 2110 1276 2150 parte
1299 2118 1386 2150 sup„
1411 2108 1474 2139 wie

806 2152 846 2184 iin
858 2153 1042 2184 rb'niischen
1052 2153 1192 2193 giengen
1202 2152 1474 2184 wahrscheinlich

806 2198 888 2229 auch
930 2198 969 2229 im
1009 2198 1237 2239 griechischen
1277 2197 1384 2230 Hause
1423 2198 1474 2229 die

807 2242 950 2274 Fenster
975 2243 1015 2275 im
1046 2243 1168 2274 oberen
1193 2243 1316 2274 sim-ke
1345 2241 1404 2275 aus
1423 2243 1473 2273 die

806 2288 951 2330 Strusse,
977 2289 1041 2329 vgl.
1067 2289 1093 2327 1,
1112 2288 1166 2329 41,
1184 2288 1220 2326 -13
1248 2288 1373 2320 Becker
1390 2288 1472 2318 Cha-

807 2334 905 2365 ricles
921 2334 951 2375 2,
972 2332 1328 2371 1113Guh1u.lt'onrr
1347 2334 1372 2371 1,
1389 2333 1472 2363 78111

804 2389 865 2422 per
882 2381 1011 2421 vinum,
1036 2379 1065 2410 in
1086 2379 1188 2419 Fulge
1212 2380 1269 2410 des
1287 2378 1470 2409 Wrintrin-

807 2424 899 2463 kens,
925 2425 986 2456 wie
1004 2430 1099 2456 sonst
1127 2425 1176 2456 bei
1199 2423 1474 2455 Gemiitlisbewe-

806 2480 944 2511 gungen,
968 2470 994 2509 1,
1018 2470 1066 2509 11,
1086 2471 1121 2501 5:
1146 2480 1207 2513 pm·
1223 2471 1308 2500 iram
1328 2478 1358 2498 n.
1382 2468 1411 2498 ii.
1429 2485 1473 2490 —

805 2516 895 2556 quod
915 2515 1059 2554 acclini„
1083 2516 1227 2546 ‹inriilwr
1250 2514 1346 2552 dass,
1377 2513 1473 2544 nach—

806 2560 1017 2592 driickliclirr
1035 2561 1124 2591 wlil't'
1142 2558 1225 2601 quid
1243 2569 1328 2600 ‹¹.1·(·.‚
1347 2569 1373 2590 s.
1393 2557 1422 2599 3,
1442 2558 1471 2597 7,

807 2605 843 2644 3;
863 2606 929 2637 Cir.
952 2605 1049 2637 Vrrr.
1068 2606 1098 2642 2,
1118 2605 1148 2643 2,
1169 2603 1220 2641 21,
1237 2603 1290 2635 52.
