1712 2825
540 208 670 242 LIBER
694 207 846 241 XXXX.
896 208 986 241 CAP.
1012 208 1066 241 40.
1431 211 1510 249 179

102 227 128 246 a.
149 220 203 246 ch.
226 220 285 246 180.

99 325 173 353 nec
199 314 326 353 locum
353 312 450 351 tueri
478 316 669 364 poterant.
711 311 890 351 Celtiberi
917 311 986 350 ubi
1015 311 1192 351 ordinata
1219 312 1298 351 acie
1324 317 1362 351 et
1391 312 1512 364 signis
1540 319 1561 350 2

101 369 261 409 conlatis
279 381 321 408 se
341 380 423 408 non
439 381 525 408 esse
542 381 652 420 pares
670 368 889 419 legionibus
908 373 1127 415 senserunt,
1149 380 1271 407 cuneo
1294 369 1511 420 inpressio—
1542 374 1562 406 3

98 438 188 465 nem
208 426 400 471 fecerunt,
431 438 507 476 quo
529 430 678 464 tantum
702 425 829 464 valent
850 436 989 476 genere
1010 436 1183 475 pugnae,
1206 430 1249 464 ut
1270 437 1513 477 quacumque

96 486 208 533 parte
234 482 424 533 pertulere
451 482 622 533 impetus
651 494 764 527 SUOS,
794 481 978 521 sustineri
999 486 1203 533 nequeant.
1244 486 1337 520 tunc
1358 495 1513 534 quoque

95 538 269 577 turbatae
289 538 461 589 legiones
484 543 588 586 sunt,
608 551 733 590 prope
753 539 968 589 interrupta
990 538 1101 577 acies.
1145 550 1261 589 quam
1282 539 1509 589 trepidatio-
1539 544 1561 576 4

93 606 184 633 nem
201 595 265 634 ubi
283 595 439 635 Flaccus
461 595 675 646 conspexit,
698 607 799 646 equo
817 594 1018 634 advehitur
1033 595 1079 634 ad
1098 594 1328 645 legionarios
1352 595 1511 645 equites,

96 656 133 690 et
154 681 178 699 „
191 651 327 703 ecquid
345 652 472 691 auxilii
489 653 528 692 in
546 652 656 691 vobis
674 650 763 691 est?
793 656 920 691 actum
943 651 1018 690 iam
1036 652 1082 690 de
1100 651 1174 690 hoc
1190 651 1359 690 exercitu
1376 649 1509 690 erit‘?“

96 720 184 747 cum
206 708 376 760 undique
396 709 689 755 adclamassent,
714 708 806 760 quin
829 709 970 755 ederet,
992 708 1083 759 quid
1104 708 1188 746 fieri
1208 707 1314 747 velit:
1345 719 1426 746 non
1448 720 1509 747 se·
1539 716 1558 747 5

93 764 219 814 gniter
235 765 444 816 imperium
458 771 722 810 exsecuturos,
741 765 960 816 „duplicate
975 768 1151 804 turmas“
1165 764 1301 816 inquit,
1318 765 1510 811 „duarum

91 820 286 872 legionum
318 822 489 873 equites,
518 828 555 861 et
582 822 793 874 permittite
814 834 935 874 equos
957 822 996 860 in
1019 833 1185 861 cuneum
1208 821 1406 869 hostium,
1433 833 1509 872 quo

90 882 251 917 nostros
273 884 422 929 urgent.
464 879 501 918 id
524 891 611 918 cum
634 879 782 918 maiore
803 879 837 917 vi
859 891 1050 930 equorum
1071 878 1232 925 facietis,
1251 878 1283 916 si
1301 879 1508 917 effrenatos

90 934 131 973 in
151 947 218 973 eos
240 947 362 986 equos
384 936 592 983 inmittitis,
614 936 718 987 quod
740 948 855 986 saepe
876 935 1076 974 Romanos
1099 935 1247 986 equites
1265 947 1351 974 cum
1370 946 1510 985 magna
1539 943 1559 975 6

90 989 203 1030 laude
228 991 369 1031 fecisse
397 1005 466 1032 sua
488 993 698 1032 memoriae
720 993 920 1043 proditum
943 995 1040 1031 est.“
1081 991 1182 1030 dicto
1205 996 1418 1042 paruerunt
1438 992 1510 1030 de—
1539 1003 1558 1034 7

91 1047 298 1099 tractisque
322 1049 442 1088 frenis
470 1049 530 1088 bis
559 1050 662 1088 ultro
691 1049 865 1101 citroque
894 1061 981 1088 cum
1010 1060 1149 1099 magna
1173 1053 1300 1099 strage
1320 1047 1507 1093 hostium,

92 1103 266 1143 infractis
299 1105 481 1144 omnibus
513 1106 658 1152 hastis,
693 1110 1022 1145 transcurrerunt.
1074 1105 1261 1156 dissipato
1291 1116 1436 1151 cuneo,
1468 1104 1507 1143 in
1537 1115 1556 1147 8

94 1172 171 1210 quo
195 1161 323 1199 omnis
345 1173 435 1212 spes
456 1161 593 1208 fuerat,
610 1161 786 1201 Celtiberi
807 1161 1000 1212 trepidare
1022 1166 1059 1200 et
1075 1174 1199 1212 prope
1217 1161 1361 1200 omissa
1379 1173 1506 1212 pugna

92 1215 220 1255 locum
241 1216 351 1268 fugae
372 1219 682 1269 circumspicere.
724 1225 762 1257 et
782 1218 885 1258 alarii
906 1218 1053 1269 equites
1076 1223 1283 1269 postquam
1306 1218 1506 1257 Romano·
1535 1227 1556 1260 9

90 1386 185 1415 stare
201 1394 232 1416 u.
252 1384 281 1415 ii.
300 1402 344 1408 —-
360 1385 469 1417 locum
483 1396 513 1417 n.
528 1397 640 1426 suum,
659 1396 685 1417 s.
707 1385 760 1426 27,

89 1427 150 1468 27,
176 1428 215 1467 23
239 1428 276 1469 8,
295 1428 352 1469 30,
372 1430 409 1463 2:
434 1433 475 1462 ut
489 1442 564 1463 sese
580 1431 649 1464 loco
669 1433 761 1462 tene-

88 1477 157 1514 νοις
183 1474 241 1515 22,
261 1475 312 1515 41,
333 1475 362 1507 9.
380 1494 424 1499 -
443 1476 550 1508 ordin.
570 1487 635 1517 ac.‚
660 1487 687 1508 s.
706 1475 761 1517 22,

89 1519 123 1561 5,
146 1519 180 1550 7:
203 1530 270 1552 non
287 1520 346 1552 illa
363 1520 524 1553 ordinata
543 1522 683 1566 (pugna)
699 1532 762 1565 per

86 1566 273 1609 principes,
302 1566 522 1609 hastatosque
544 1569 577 1599 et
600 1569 759 1606 tm‘arz'033

88 1610 128 1641 im
155 1609 365 1651 Gegensatze
396 1622 437 1643 zu
462 1614 523 1643 den
549 1613 760 1653 ungeordne-

88 1659 143 1686 ten
175 1655 348 1696 Angriffen
381 1658 440 1689 der
465 1658 622 1700 Spanier,
654 1662 760 1689 etwas

87 1701 208 1732 anders
235 1702 279 1733 ist
296 1701 355 1741 35,
379 1702 417 1743 4,
441 1703 475 1734 7:
499 1706 590 1735 recto
614 1713 653 1734 ac
668 1705 760 1735 iuslo

84 1745 224 1788 proelio.
251 1764 295 1770 —
320 1757 441 1788 cuneo,
471 1749 520 1780 sic
546 1749 655 1780 bilden
686 1749 759 1780 eine

87 1789 292 1832 keilffirmige
327 1792 650 1834 Schlachtordnung,
689 1794 758 1834 vgl.

87 1836 140 1875 39,
160 1836 213 1876 31,
233 1836 344 1877 3310,
364 1838 418 1879 29,
438 1838 476 1877 73
496 1838 549 1876 22,
569 1839 623 1878 47,
642 1838 758 1877 83:111-

86 1881 164 1913 ders
184 1883 220 1923 7,
246 1882 306 1921 24,
332 1884 362 1914 7.
386 1901 428 1906 —
453 1885 700 1927 1'upress.sec.,
726 1884 759 1925 4,

85 1925 145 1966 28,
164 1926 200 1966 63
226 1927 286 1967 25,
305 1927 363 1969 37,
387 1928 437 1960 13.
455 1947 498 1952 —
514 1930 637 1973 pertul.
655 1948 677 1952 -
693 1931 758 1961 im.-

82 1975 184 2015 petus
212 1983 295 2005 suos
320 1975 401 2005 nach
426 1973 567 2006 Crevier
591 1979 675 2006 statt
700 1975 758 2006 des

85 2017 156 2049 hds.
178 2018 353 2061 perculere
376 2038 397 2041 —
420 2021 548 2063 impetu
569 2031 648 2062 suo,
673 2020 759 2051 wel-

85 2063 163 2095 ches
181 2064 260 2105 hier,
285 2074 337 2095 wo
356 2065 407 2096 ein
427 2065 547 2105 object
564 2064 657 2107 fehlt,
681 2066 759 2097 sehr

86 2108 160 2140 hart
177 2109 280 2149 wiire,
299 2109 365 2150 vgl.
385 2109 438 2151 34,
458 2111 507 2152 15,
527 2110 560 2142 2:
575 2107 773 2153 satt'gatos‘

86 2153 201 2186 adorti
231 2154 339 2186 izos-tis
370 2157 480 2198 primo
510 2157 638 2199 impetu
670 2156 759 2188 velut

85 2208 190 2231 cuneo
205 2200 395 2242 perculere,
415 2200 446 2239 2,
465 2201 518 2239 65,
541 2201 573 2232 1:
592 2201 758 2234 Volscum

84 2244 197 2286 primo
220 2246 348 2288 impetu
364 2246 524 2288 perculit3
554 2246 610 2288 10,
635 2247 695 2287 41,
720 2245 755 2279 9:

86 2299 293 2331 quacumque
314 2292 476 2333 impetum
498 2291 600 2324 dedit.
618 2310 654 2315 ——
679 2295 758 2325 tunc

85 2345 126 2375 q.,
145 2334 175 2372 4,
194 2333 252 2374 30,
275 2334 334 2374 133
357 2335 416 2376 21,
436 2336 496 2377 34,
513 2336 543 2368 8.
563 2355 605 2359 —
622 2339 756 2378 interr„

86 2378 140 2418 21,
158 2378 211 2421 33,
230 2380 268 2418 83
287 2380 339 2421 44,
359 2380 516 2423 41,1;8.

131 2424 218 2456 4-9.
235 2436 300 2467 ecq.
317 2427 400 2456 ohne
414 2428 530 2468 inquit,
545 2437 571 2458 s.
588 2427 638 2468 28,
654 2427 707 2467 40,
724 2427 754 2459 3.

84 2486 127 2492 -—
146 2470 265 2512 ecquid
276 2481 371 2510 auum,
390 2471 429 2502 isl
448 2473 531 2503 deun
547 2472 643 2503 keine
660 2483 755 2513 usw„

85 2515 214 2547 enthiilt
227 2516 377 2556 zugleich
392 2517 487 2548 einen
503 2516 672 2558 Vorwurf‚
688 2518 756 2558 vg1.

85 2558 152 2591 Cic.
172 2559 253 2592 Phil.
277 2560 304 2601 l,
324 2561 353 2599 7,
377 2561 431 2593 18:
456 2562 573 2604 ecquid
587 2566 649 2603 est,
668 2563 758 2605 qaod

87 2607 153 2636 tam
170 2607 310 2649 proprie
325 2606 394 2638 dici
406 2609 515 2650 possit
531 2611 646 2640 actum
664 2611 757 2640 eius?

88 2648 191 2682 oron.
208 2661 311 2684 verm.
330 2652 467 2695 ue'qm'd.
486 2672 521 2676 -—
545 2656 672 2695 actum,
690 2654 755 2686 sou

835 1396 872 1417 es
890 1386 974 1418 denn
991 1385 1176 1426 geschehen
1197 1385 1266 1416 sein
1286 1395 1349 1424 um,
1367 1396 1395 1416 s.
1410 1395 1437 1416 c.
1456 1385 1508 1426 10,

834 1432 870 1462 5:
887 1434 1036 1475 perisse3
1055 1430 1145 1462 viell.
1158 1431 1202 1462 ist
1215 1441 1258 1462 an
1274 1434 1390 1462 actum
1404 1441 1446 1461 zu
1459 1430 1510 1462 le-

835 1487 904 1508 sen.
922 1495 967 1499 —
985 1476 1154 1520 duplicate
1168 1478 1202 1516 t„
1220 1486 1273 1507 um
1289 1476 1349 1507 den
1366 1475 1453 1508 Choc
1467 1487 1509 1507 zu

833 1522 1035 1554 verstiirken
1063 1521 1168 1553 sollen
1191 1520 1228 1561 je
1252 1522 1335 1553 zwei
1361 1521 1507 1553 Turmen

834 1577 1021 1599 zusammen
1038 1567 1068 1598 iu
1078 1567 1338 1607 geschlossenen
1350 1565 1509 1598 Gliedern

833 1611 1016 1654 angreifen,
1034 1613 1100 1651 vgl.
1121 1612 1201 1644 Sall.
1227 1610 1249 1644 1.
1271 1611 1351 1643 101:
1377 1615 1509 1644 turma-

835 1660 894 1690 tim
925 1669 1026 1700 quam
1061 1660 1212 1689 maa-ime
1243 1657 1510 1698 confertissimis

835 1703 1029 1741 ordinibus,
1069 1703 1127 1734 das
1167 1702 1340 1745 duplicare
1376 1705 1509 1734 turmas

834 1749 962 1780 scheint
979 1753 1073 1779 sonst
1091 1748 1181 1779 nicht
1194 1747 1461 1789 vorzukommen,
1481 1758 1508 1780 s.

834 1793 939 1835 Marq.
964 1792 1000 1832 3,
1024 1793 1060 1831 2,
1079 1792 1155 1824 258.
1176 1811 1217 1815 ——
1235 1794 1408 1824 immittitis
1427 1794 1509 1824 nach

823 1840 987 1881 facietis,
1011 1849 1038 1869 s.
1059 1839 1089 1877 2,
1109 1838 1163 1876 45,
1186 1837 1245 1876 133
1270 1837 1323 1877 36,
1341 1837 1394 1877 28,
1414 1837 1444 1870 6.
1464 1855 1509 1861 —

833 1895 935 1926 equos
954 1884 1034 1915 nach
1054 1894 1156 1925 equos
1174 1902 1195 1905 —
1212 1893 1387 1925 equorum,
1406 1894 1432 1914 s.
1452 1882 1506 1921 39,

833 1930 870 1970 5,
896 1931 925 1961 5.
944 1948 987 1952 —-
1006 1931 1210 1970 effrenato-e,
1235 1939 1261 1960 s,
1282 1939 1322 1960 zu
1341 1928 1377 1966 4,
1398 1927 1451 1967 33,
1471 1928 1507 1959 7:

832 1977 964 2017 effreno
987 1985 1108 2012 cm·su;
1142 1974 1177 2011 8,
1211 1973 1269 2014 30,
1294 1973 1326 2005 6.
1351 1992 1395 1996 -
1420 1973 1511 2015 qnod

831 2031 933 2063 saepe
949 2039 970 2042 —
988 2022 1038 2051 est
1061 2020 1206 2057 scheint,
1232 2029 1328 2050 wenn
1356 2030 1392 2051 es
1420 2019 1509 2050 nicht.

832 2066 882 2097 ein
895 2065 1049 2097 Glossem
1064 2065 1117 2102 ist,
1134 2063 1329 2096 deu-Zusatz
1339 2065 1430 2096 eines
1441 2064 1510 2095 An-

832 2111 974 2142 nalistcn
995 2121 1035 2141 zu
1054 2111 1143 2150 scin,
1164 2110 1230 2149 vgl.
1251 2109 1304 2148 41,
1325 2110 1356 2148 4,
1374 2110 1404 2151 2,
1423 2109 1508 2140 wel-

832 2157 911 2188 cher
927 2157 1028 2187 durch
1044 2156 1156 2187 diesen
1173 2154 1246 2195 Zug
1259 2155 1322 2186 wie
1339 2155 1439 2186 durch
1455 2155 1507 2186 die

831 2212 936 2242 ganze
955 2201 1176 2240 Schilderung
1194 2200 1337 2242 (Appian
1356 2201 1509 2232 erwiihnt

831 2247 883 2278 die
913 2247 1068 2278 schint-ht
1098 2246 1199 2282 nicht)
1230 2246 1282 2277 die
1313 2246 1418 2277 Sache
1453 2245 1508 2275 hut

831 2292 1092 2324 uusschmiicken
1109 2291 1243 2331 wollen,
1257 2302 1285 2322 S.
1301 2290 1355 2330 39,
1374 2290 1426 2327 31,
1446 2289 1479 2320 11
1497 2300 1506 2326 ς

832 2348 892 2369 zur
907 2338 1071 2369 Situation
1088 2337 1154 2376 vgl.
1174 2337 1223 2376 10,
1246 2336 1304 2373 14;
1324 2336 1383 2371 41,
1403 2336 1433 2371 9,
1453 2333 1507 2366 39.

830 2401 874 2406 -
892 2383 982 2415 ultro
999 2385 1071 2422 cit„
1098 2382 1164 2422 vgl.
1184 2382 1222 2422 3,
1246 2381 1305 2417 61,
1330 2382 1368 2417 9,
1398 2380 1457 2419 35,
1475 2379 1507 2417 5,

834 2429 889 2459 10:
918 2429 1201 2470 interequitantes·
1232 2426 1344 2458 alm-ii.
1375 2442 1419 2447 —
1450 2425 1507 2455 in-

820 2475 957 2515 fractis
976 2484 1037 2505 von
1056 2474 1227 2515 {list-ingo,
1248 2481 1273 2501 s.
1294 2481 1321 2501 r.
1340 2471 1394 2510 50,
1413 2469 1450 2507 5;
1471 2469 1503 2508 2,

830 2520 883 2561 59,
901 2519 938 2558 -13
966 2519 995 2557 7,
1014 2519 1068 2557 31,
1088 2519 1125 2556 (ῖς
1152 2518 1204 2550 3⁸3,
1228 2517 1277 2554 1-1,
1296 2516 1334 2553 9;
1360 2515 1419 2546 der
1437 2514 1503 2546 abl.

829 2564 916 2597 nbs.:
936 2575 972 2595 so
987 2565 1063 2595 dass
1079 2563 1126 2593 sie
1142 2561 1270 2592 (11111111Ν
1285 2560 1503 2599 zerbruchen,

829 2619 856 2641 s.
875 2621 901 2641 e.
923 2609 974 2650 27,
994 2609 1031 2645 ,Ἲς
1053 2609 1106 2643 25,
1125 2607 1178 2645 36,
1199 2607 1233 2641 ῖς
1253 2616 1325 2637 zum
1345 2604 1504 2646 zeichen,

828 2654 904 2686 dass
917 2655 964 2685 sie
979 2654 1044 2685 alle
1058 2650 1228 2693 gckiimpi't
1242 2651 1357 2684 haben.
1372 2669 1416 2674 —
1429 2650 1503 2682 ala—

1160 2706 1229 2739 12*
