1638 2825
161 181 212 220 3’2
558 178 684 212 LIBER
708 178 874 212 XXXIX.
918 179 1013 213 CAP.
1035 180 1086 213 17.
1108 179 1160 212 18.

1339 221 1341 223 ¹
1402 196 1430 215 a.
1450 196 1479 215 ιι.
1499 189 1560 216 568.

160 284 192 323 si
214 282 298 334 quis
320 293 468 330 eorum,
492 281 557 333 qui
577 286 660 320 tum
682 286 787 321 extra
802 286 946 321 terram
962 282 1108 321 Italiam
1126 287 1268 330 essent,
1288 281 1565 330 nominaretur,

104 353 106 355 ’
161 341 194 379 ei
221 338 405 378 laxiorem
434 338 535 377 diem
557 338 738 385 (laturos,
766 338 799 376 si
819 337 949 376 venire
970 338 1016 377 ad
1038 351 1194 378 causam
1215 339 1420 378 dicendam
1441 338 1564 378 vellet.

112 400 131 431 3
161 396 361 435 edixerunt
394 395 553 441 deinde,
588 406 639 433 ne
675 393 760 445 quis
797 394 887 445 quid
922 395 1034 445 fugae
1069 407 1181 434 causa
1217 394 1438 434 vendidisse
1471 407 1567 434 neve

161 452 302 491 emisse
335 452 464 499 vellet,
499 463 548 490 ne
580 450 666 501 quis
695 449 903 501 reciperet,
940 450 1094 498 celaret,
1131 464 1206 503 ope
1231 451 1306 491 ulla
1334 451 1483 491 iuvaret
1502 451 1566 490 fu-

161 508 318 560 gientes.

274 565 464 605 Contione
491 563 652 602 dimissa
678 568 807 602 terror
834 574 999 613 magnus
1026 563 1121 602 urbe
1147 568 1228 602 tota
1252 564 1340 612 fuit3
1366 575 1438 602 nec
1456 575 1568 602 moe-

161 621 275 661 nibus
305 634 347 660 se
372 626 524 660 tantum
555 619 660 659 urbis
688 625 753 659 aut
779 619 920 658 finibus
942 619 1129 658 Romanis
1158 620 1365 666 continuit,
1387 619 1455 658 sed
1475 632 1569 671 pas-

164 678 237 717 sim
263 691 336 729 per
362 683 485 717 totam
514 676 661 716 Italiam
690 676 826 715 litteris
855 676 1056 728 hospitum
1085 676 1131 715 de
1157 681 1315 715 senatus
1333 675 1510 715 consulto
1532 679 1571 715 et

113 740 132 771 5
162 735 343 775 contione
360 740 396 774 et
411 735 535 774 edicto
554 733 759 772 consulum
779 732 945 784 acceptis
961 732 1144 784 trepidari
1162 738 1341 784 coeptum
1358 737 1428 771 est.
1457 731 1571 772 multi

164 804 207 830 ea
241 796 376 838 nocte,
409 804 507 842 quae
535 790 636 828 diem
664 790 839 828 insecuta
869 794 946 837 est,
980 801 1056 839 quo
1085 789 1336 829 in.conti0ne
1361 801 1423 828 res
1443 788 1572 839 palam

163 848 262 887 facta
297 853 374 895 est,
410 846 597 887 custodiis
634 846 732 885 cirea
762 850 896 896 portas
924 845 1064 897 positis
1090 845 1282 896 fugientes
1311 858 1331 884 a
1359 845 1572 885 triumviris

167 904 441 955 comprehensi
463 908 500 942 et
520 903 667 942 reducti
689 908 798 949 sunt3
823 902 1033 941 multorum
1056 902 1218 941 nomina
1240 902 1374 942 delata.
1417 901 1574 953 quidam

122 965 142 998 6
171 973 215 1000 ex
251 961 298 1000 iis
331 961 402 1000 viri
437 960 680 1010 feminaeque
710 964 877 997 mortem
910 958 983 997 sibi
1012 958 1293 998 consciverunt.

166 1030 286 1068 supra
321 1022 469 1068 septem
506 1016 608 1055 milia
644 1015 816 1054 virorum
853 1027 897 1055 ac
924 1015 1128 1054 mulierum
1159 1015 1396 1054 dicebantur.

1348 958 1576 997 coniurasse

1452 1014 1576 1065 capita

166 1079 292 1112 autem
332 1072 610 1112 coniurationis
650 1072 852 1110 constabat
885 1084 972 1110 esse
997 1072 1045 1110 M.
1079 1076 1116 1109 et
1141 1071 1180 1110 C.
1209 1071 1360 1110 Atinios
1389 1071 1436 1109 de
1460 1070 1574 1121 plebe

165 1129 340 1168 Romana
367 1135 404 1168 et
428 1129 617 1168 Faliscum
640 1128 682 1166 L.
706 1127 948 1178 Opiternium
976 1132 1014 1165 et
1034 1127 1194 1165 Minium
1217 1126 1434 1166 Cerrinium
1456 1125 1576 1166 Cam-

119 1194 136 1225 7
166 1198 331 1238 panum:
367 1185 412 1225 ab
450 1185 510 1223 his
551 1184 682 1223 omnia
708 1183 880 1222 facinora
909 1188 945 1222 et
972 1183 1114 1233 flagitia
1144 1188 1246 1230 orta,
1284 1195 1352 1222 eos
1380 1182 1573 1222 maximos

166 1243 387 1282 sacerdotes
410 1241 709 1291 conditoresque
730 1240 812 1279 eius
836 1240 934 1278 sacri
956 1252 1053 1278 esse.

1109 1239 1195 1278 data
1218 1251 1353 1290 opera,
1381 1244 1424 1278 ut
1443 1238 1572 1290 primo

167 1311 322 1350 quoque
350 1303 528 1348 tempore
553 1296 987 1346 comprehenderentur.
1029 1295 1182 1334 adducti
1214 1295 1260 1334 ad
1293 1294 1473 1334 consules
1492 1295 1574 1334 fas·-

86 1358 139 1398 18
168 1355 277 1406 sique
298 1355 344 1393 de
366 1367 408 1393 se
429 1353 572 1392 nullam
595 1365 746 1391 moram
770 1352 909 1391 indicio
931 1352 1117 1391 fecerunt.
1158 1351 1337 1390 Ceterum
1359 1355 1464 1391 tanta
1484 1351 1575 1402 fuga

165 1424 211 1451 ex
233 1411 329 1451 urbe
349 1410 447 1450 facta
469 1415 561 1456 erat,
584 1414 635 1456 ut,
657 1409 743 1459 quia
765 1408 895 1448 multis
918 1409 1089 1447 actiones
1112 1413 1149 1446 et
1168 1420 1231 1447 res
1249 1408 1437 1460 peribant,
1458 1419 1574 1458 coge-

167 1527 245 1564 tur„
263 1523 317 1565 42,
336 1523 389 1562 47,
408 1523 439 1555 5.
452 1539 496 1545 —
510 1521 555 1553 ad
568 1531 679 1563 quam,
694 1531 730 1552 so
746 1521 833 1562 dass,

166 1579 261 1600 wenn
288 1579 324 1599 er
347 1578 387 1599 an
413 1567 482 1607 (bis
507 1570 564 1604 zu)
595 1567 719 1598 diesem
750 1575 834 1597 usw.

165 1633 206 1637 —
232 1616 324 1645 citat.
348 1623 456 1655 resp.,
473 1611 532 1650 38,
551 1611 610 1651 51,
630 1612 660 1642 5.
684 1629 728 1633 —-
751 1613 833 1642 terr.

166 1659 220 1698 lt„
239 1658 292 1698 25,
313 1659 341 1700 7,
360 1659 391 1690 4.
407 1657 636 1698 —laoeiorem,
655 1655 707 1694 38,
727 1655 779 1696 52,
802 1654 834 1686 l:

165 1704 362 1745 longiorem.
386 1723 407 1726 —
429 1704 462 1734 si
483 1704 595 1734 venire
618 1706 681 1733 etc.
707 1700 837 1732 enthiilt

166 1750 218 1781 die
238 1749 428 1788 ssedingung
442 1758 482 1779 zu
500 1748 572 1778 dem
589 1757 714 1787 ganzen
735 1747 834 1777 Satze

165 1797 197 1826 si
217 1797 291 1837 quis
313 1813 332 1816 —
357 1795 543 1831 nominata,
572 1795 604 1824 ei
628 1811 650 1814 -
677 1791 835 1823 daturos:

167 1838 219 1871 fiir
243 1840 303 1871 den
326 1839 416 1878 Fall,
436 1839 512 1869 dass
533 1848 571 1869 er
590 1847 672 1868 usw.
694 1855 735 1859 —
756 1847 835 1868 ven-

166 1884 291 1916 didisse
313 1903 334 1906 -
358 1895 421 1915 mn.
441 1883 490 1914 vel
522 1882 784 1920 altertlniimlich,
809 1890 835 1911 s.

166 1940 193 1960 c.
217 1929 266 1967 14,
285 1929 315 1960 8.
334 1947 377 1951 --
395 1940 436 1960 ne
453 1929 526 1969 quis
544 1937 623 1966 rec„
642 1926 732 1957 viell.
750 1928 836 1956 elne

167 1975 241 2016 quis
260 1984 300 2011 ⁷·.,
320 1974 400 2004 oder
415 1983 497 2004 net-e
513 1983 542 2013 q.
561 1982 590 2003 r.
605 1989 649 1993 —
661 1972 761 2012 rec-ip.
775 1969 833 2001 cel.

167 2023 243 2059 etc„
258 2019 316 2049 das
329 2018 520 2060 Asyndeton
537 2017 597 2047 wie
613 2015 666 2055 33,
681 2016 733 2052 3-1,
750 2016 787 2053 (33
804 2015 834 2054 8,

168 2063 229 2102 33,
257 2063 296 2094 19
314 2074 344 2095 u.
363 2074 412 2101 u.;
437 2063 466 2093 in
492 2062 562 2093 dem
581 2061 720 2099 vorlicg.
742 2060 834 2091 Fulle

167 2109 249 2140 wird
283 2109 342 2139 dus
377 2107 562 2139 Verlwhlen
602 2105 834 2137 uusdriicklich

168 2154 346 2190 ver-boten,
372 2154 431 2184 der
449 2152 573 2184 llehler
591 2151 674 2182 kunnu
696 2148 836 2181 bestraft

168 2199 320 2238 werden,
342 2209 410 2229 was
434 2202 528 2228 sonst
552 2197 581 2228 in
603 2197 662 2227 der
680 2195 834 2226 friihercn

169 2243 246 2276 Zeit
260 2245 366 2276 seiten
382 2243 561 2283 geschivht,
581 2253 607 2273 s.
625 2241 704 2272 liein
719 2240 835 2271 Crimi-

168 2291 251 2322 nulr.
271 2289 347 2321 348.

213 2335 300 2366 4-7.
330 2344 389 2366 nec
404 2352 422 2355 --
437 2333 571 2372 cautim,
586 2342 611 2363 S.
636 2331 662 2368 l,
682 2330 730 2368 10,
750 2331 776 2362 1.
792 2348 835 2353 -

167 2381 309 2423 lma-pie„
332 2380 383 2410 «lie
407 2379 456 2410 sie
480 2389 520 2408 zu
540 2377 618 2409 Rom
644 2377 767 2407 Μυκη.
793 2394 835 2398 —-

168 2425 253 2456 diem
278 2426 322 2456 ist
344 2425 444 2455 durch
469 2433 507 2454 ea
534 2425 630 2454 uncle
660 2421 835 2460 bestinnut,

170 2471 230 2501 uir
255 2471 389 2501 wiirden
414 2471 511 2501 nocie
533 2487 553 2489 ᾉ
575 2479 648 2499 enm
669 2466 754 2498 diam
780 2477 834 2497 cr-

170 2520 307 2546 wnrten.
326 2534 359 2537 υ-
386 2517 437 2546 1¹⁸!
455 2534 473 2536 —
491 2516 555 2554 est,
579 2513 638 2551 35,
667 2512 697 2552 l,
720 2511 768 2542 1¹2.
791 2529 834 2535 —

171 2562 323 2597 trinum,
350 2571 375 2591 e.
405 2559 460 2597 16,
489 2559 543 2598 11),
567 2559 615 2589 sie
636 2557 773 2588 lmmlelu
794 2556 835 2588 im

170 2603 329 2645 Auru-nge
348 2606 406 2636 der
424 2605 568 2636 hohen-n
585 2603 790 2643 magistrate,
808 2612 836 2633 a.

906 1519 1008 1558 ο.14,
1029 1519 1060 1551 9.
1078 1538 1121 1543 —-
1138 1522 1223 1564 sept.
1242 1531 1305 1561 m„
1329 1529 1358 1551 c.
1381 1519 1436 1560 13,
1460 1519 1512 1551 14.
1529 1532 1575 1542 —-‘-

906 1567 1053 1607 .·lti712'os‚
1070 1575 1096 1597 s.
1112 1576 1139 1596 c.
1156 1565 1209 1605 21,
1228 1565 1265 1603 23
1285 1565 1338 1605 34,
1357 1564 1418 1603 463
1437 1565 1500 1604 473
1519 1563 1574 1605 33,

907 1610 948 1642 22
971 1621 1003 1642 u.
1027 1620 1057 1642 a.
1080 1628 1125 1633 -—
1148 1610 1189 1642 de
1210 1609 1303 1653 plebe
1326 1609 1389 1642 soll
1418 1610 1483 1641 wol
1513 1619 1576 1641 nur

906 1656 966 1687 den
985 1656 1105 1692 stand,
1130 1656 1181 1687 die
1200 1653 1346 1687 Abkunst
1362 1654 1528 1694 angeben,
1546 1664 1574 1686 s.

909 1701 945 1738 2,
975 1700 1034 1741 36,
1062 1700 1099 1740 2,
1129 1700 1369 1741 entsprechend
1392 1699 1575 1740 Faliscum,

909 1745 1127 1789 Campanum,
1142 1745 1315 1777 nichtdass
1325 1745 1372 1777 sie
1386 1745 1446 1776 der
1457 1744 1577 1787 infima

905 1791 999 1834 plebs
1022 1791 1186 1831 angebo'rt
1208 1790 1329 1829 haben,
1353 1800 1379 1821 s.
1399 1789 1436 1829 2,
1457 1789 1516 1829 55,
1535 1789 1574 1828 43

908 1837 939 1876 8,
957 1835 1011 1876 33,
1034 1835 1071 1866 12
1090 1846 1121 1866 u.
1139 1845 1168 1866 a.
1187 1853 1230 1858 -—
1248 1834 1330 1866 Min.
1351 1834 1453 1873 Cer-r„
1473 1844 1501 1866 c.
1523 1832 1575 1874 13,

908 1882 938 1911 9.
956 1898 1001 1903 —-
1016 1891 1110 1911 max.
1129 1889 1216 1918 sac„
1236 1879 1299 1910 wie
1318 1879 1375 1917 27,
1394 1879 1427 1920 6,
1451 1878 1488 1910 17
1507 1878 1575 1918 vgl.

908 1925 966 1962 37,
986 1924 1038 1962 51,
1058 1924 1084 1955 1.
1102 1942 1146 1946 -
1162 1924 1287 1956 indicio
1304 1923 1407 1955 haben
1426 1924 1478 1956 die
1492 1924 1576 1956 mei-

908 1974 980 2001 sten
1001 1969 1092 2001 llss.:
1110 1970 1168 2001 das
1188 1969 1408 2001 Gest'zindniss
1427 1968 1509 2001 iiber
1522 1969 1574 2001 die

907 2025 1010 2054 ganzo
1048 2014 1309 2055 Angelegenheit
1347 2015 1412 2046 und
1451 2014 1575 2046 undere

907 2059 1156 2098 Theilnehmcm
1175 2060 1306 2092 Andere
1322 2059 1424 2091 haben
1440 2058 1575 2100 iudicio,

908 2115 977 2135 was
996 2104 1158 2136 bedenten
1178 2105 1308 2137 wiirde:
1326 2105 1427 2137 durch
1446 2105 1497 2136 ihr
1511 2103 1577 2137 Ge-

906 2150 1075 2182 stiindniss
1105 2151 1253 2182 machten
1282 2151 1330 2182 sie
1359 2160 1395 2182 cs
1423 2149 1576 2190 miiglich,

907 2196 984 2227 (lass
1008 2196 1154 2235 sogleich
1179 2196 1235 2227 das
1261 2195 1388 2228 Urtbeil
1417 2195 1501 2227 iiber
1524 2194 1575 2227 sie

908 2239 1024 2280 gestillt
1042 2241 1176 2272 werden
1196 2241 1328 2282 konnte‚
1345 2241 1408 2272 wie
1426 2250 1462 2272 es
1480 2250 1507 2272 c.
1524 2239 1575 2280 19,

909 2286 927 2317 2
947 2286 1011 2323 vgl.
1031 2297 1058 2317 c.
1082 2286 1129 2327 18,
1148 2287 1166 2317 2
1185 2290 1442 2326 vornusgesetzt
1458 2284 1553 2317 wird.

956 2326 1021 2362 18.
1049 2331 1132 2362 1-2.
1158 2329 1576 2363 tanta=tammu1tormm

907 2394 943 2398 —
957 2377 1058 2417 suga
1079 2378 1208 2417 <sarm
1225 2387 1288 2414 οη,
1307 2386 1333 2407 s.
1352 2374 1386 2414 8,
1404 2376 1439 2414 9,
1461 2374 1511 2407 12.
1532 2393 1576 2398 -

906 2423 1056 2452 actiones
1079 2425 1111 2453 οι
1128 2432 1182 2453 res
1202 2422 1324 2465 parib„
1349 2420 1397 2451 sie
1421 2420 1575 2452 verim-en

908 2467 958 2497 «lie
977 2469 1076 2507 aceio,
1097 2477 1190 2498 wenn
1209 2477 1245 2498 es
1265 2466 1358 2497 ilmen
1378 2466 1465 2497 nicht
1481 2466 1577 2505 iniig-

910 2511 971 2542 livh
993 2522 1060 2542 war
1078 2513 1150 2543 eine
1169 2510 1272 2551 mago
1291 2521 1330 2541 zu
1351 2511 1484 2542 rot-liter
1501 2509 1577 2542 Zeit

908 2557 1126 2598 nnzustvllen,
1144 2567 1173 2588 z.
1193 2556 1226 2587 B.
1245 2566 1339 2587 wenn
1358 2557 1418 2587 der
1434 2554 1585 2587 Prozess'

908 2602 937 2633 in
962 2601 1054 2633 einer
1077 2601 1284 2633 bestimmten
1309 2600 1385 2633 Zeit
1407 2599 1577 2633 antochia-
