1712 2825
194 209 278 248 294
531 202 778 237 PERJOCHAE
802 201 1024 235 LIBRORUM
1050 200 1267 234 Lv——Lvm

192 315 260 348 tur,
278 314 391 341 tutore
409 318 479 347 suo,
496 317 555 350 per
571 305 721 338 fraudem
738 305 868 337 occisus
886 309 936 336 est
954 303 1122 346 corruptis
1139 302 1286 343 medicis,
1304 302 1357 345 qui
1372 302 1466 334 illum
1483 302 1604 334 calculi

192 355 309 386 dolore
326 353 474 385 consumi
492 353 530 384 ad
550 352 704 394 populum
721 351 860 389 mentiti,
877 351 951 381 dum
968 353 1093 389 secant,
1111 349 1314 380 occiderunt.

772 430 835 462 EX
852 429 930 461 LIB.
947 428 1031 461 LVI.

284 487 436 519 Decimus
454 485 566 518 Iunius
584 485 706 516 Brutus
724 484 756 515 in
774 483 930 526 Hispania
947 482 1112 514 ulteriore
1129 481 1273 514 feliciter
1290 482 1452 513 adversus
1471 479 1607 513 Gallae-

194 544 251 565 cos
284 531 454 575 pugnavit.
493 530 649 562 dissimili
673 534 794 561 eventu
820 528 863 560 M.
887 528 1050 559 Aemilius
1075 527 1219 569 Lepidus
1242 527 1419 570 proconsul
1443 527 1605 558 adversus

192 579 364 610 Vaccaeos
383 587 451 608 rem
469 575 585 617 gessit,
610 576 801 617 clademque
818 574 959 605 similem
977 572 1196 605 Numantinae
1213 583 1331 614 passus
1346 577 1406 604 est.
1436 572 1477 603 ad
1493 570 1607 603 exsol-

193 624 336 655 vendum
363 621 508 654 foederis
532 620 724 652 Numantini
748 619 909 659 religione
940 619 1092 661 populum
1115 617 1303 657 Mancinus,
1333 628 1404 649 cum
1431 617 1529 649 huius
1557 615 1608 648 rei

193 673 313 700 auctor
329 667 459 706 fuisset,
477 666 607 697 deditus
627 664 835 697 Numantinis
860 675 922 695 non
941 668 992 695 est
1015 668 1181 706 receptus.
1213 663 1359 694 lustrum
1375 672 1395 693 a
1411 661 1607 694 censoribus

193 724 360 756 conditum
378 727 446 760 est3
473 732 571 754 censa
589 726 665 753 sunt
682 722 802 752 civium
821 721 928 763 capita
945 719 1120 752 CCCXVII
1138 716 1433 751 DCCCCXXXIII.
1465 716 1607 749 Fulvius

193 768 336 801 Flaccus
355 768 471 799 consul
488 767 640 799 Vardeos
659 767 691 797 in
707 766 844 809 Illyrico
862 766 1003 807 subegit.
1037 764 1080 797 M.
1100 764 1281 796 Cosconius
1298 768 1434 806 praetor
1451 762 1485 793 in
1501 761 1610 794 Thra-

195 814 246 845 cia
264 824 335 845 cum
353 812 539 844 Scordiscis
562 822 720 854 prospere
743 811 912 853 pugnavit.
946 821 1018 842 cum
1043 810 1164 841 bellum
1182 809 1416 841 Numantinum
1438 807 1523 839 vitio
1548 808 1608 839 du-

195 869 268 890 cum
286 869 349 889 non
367 857 438 889 sine
455 857 580 898 pudore
597 857 728 898 publico
748 857 900 893 duraret,
924 856 1054 887 delatus
1073 861 1124 887 est
1140 855 1231 886 ultro
1249 853 1396 896 Scipioni
1411 851 1570 884 Africano
1589 862 1608 884 a

194 908 313 935 senatu
330 902 516 944 populoque
533 900 678 932 Romano
698 901 908 939 consulatus3
927 911 1020 942 quem
1038 911 1110 931 cum
1128 900 1177 931 illi
1196 908 1313 941 capere
1332 899 1372 929 ob
1389 898 1505 939 legem,
1525 907 1607 939 quae

194 949 331 980 vetabat
349 956 539 990 quemquam
557 946 677 978 iterum
695 945 861 977 consulem
881 945 964 985 fieri,
981 957 1044 977 non
1060 945 1188 986 liceret,
1207 945 1293 976 sicut
1310 943 1415 985 priori
1432 943 1608 974 consulatu

194 994 324 1034 legibus
341 993 472 1024 solutus
490 996 551 1022 est.
586 991 706 1022 bellum
730 991 853 1022 servile
877 991 909 1021 in
927 990 1038 1021 Sicilia
1057 995 1166 1021 ortum
1185 1000 1256 1021 cum
1274 988 1413 1030 opprimi
1437 998 1455 1019 a
1472 992 1606 1029 praeto-

195 1039 287 1070 ribus
312 1049 374 1069 non
398 1036 578 1079 potuisset,
603 1036 638 1068 C.
656 1035 776 1067 Fulvio
800 1035 929 1067 consuli
951 1035 1137 1066 mandatum
1161 1039 1222 1066 est.
1254 1033 1350 1065 huius
1376 1032 1455 1064 belli
1477 1032 1606 1064 initium

193 1082 256 1115 fuit
274 1083 386 1115 Eunus
405 1092 537 1119 servus,
556 1082 688 1112 natione
706 1081 830 1124 Syrus,
855 1081 907 1122 qui
927 1085 1101 1112 contracta
1118 1079 1301 1120 agrestium
1319 1087 1493 1109 servorum
1509 1087 1607 1109 manu

193 1134 227 1160 et
245 1128 365 1160 solutis
383 1127 563 1168 ergastulis
581 1127 660 1158 iusti
677 1126 846 1158 exercitus
866 1135 1034 1157 numerum
1052 1125 1212 1167 implevit.
1245 1123 1346 1155 Cleon
1364 1132 1502 1165 quoque,
1521 1122 1608 1154 alter

193 1195 329 1225 sci-vus,
353 1185 394 1216 ad
411 1183 508 1215 LXX
527 1193 701 1214 servorum
718 1181 903 1219 contraxit,
933 1187 966 1214 et
988 1181 1107 1212 iunctis
1127 1180 1228 1222 copiis
1247 1180 1409 1211 adversus
1427 1178 1608 1211 Romanum

193 1230 377 1262 exercitum
394 1229 517 1261 bellum
534 1238 631 1270 saepe
649 1232 836 1269 gesserunt.

764 1295 827 1327 EX
845 1294 922 1327 LlB.
942 1293 1041 1327 LVII.

286 1351 395 1392 Scipio
414 1349 592 1382 Africanus
611 1348 821 1381 Numantiam
840 1348 979 1383 obsedit,
998 1354 1030 1379 et
1049 1352 1239 1389 corruptum
1257 1347 1391 1378 liccntia
1409 1346 1607 1389 luxuriaque

195 1397 379 1428 cxcrcitum
393 1396 432 1427 ad
447 1395 692 1427 severissimam
710 1395 846 1425 militiae
860 1393 1066 1435 disciplinam
1080 1393 1263 1424 rcvocavit.
1291 1392 1396 1423 omnia
1415 1391 1607 1423 deliciarum

195 1442 413 1473 instrumenta
434 1440 570 1477 recidit,
593 1440 655 1470 duo
674 1440 764 1470 milia
789 1444 975 1470 scortorum
997 1437 1037 1478 [a]
1056 1437 1175 1469 castris
1194 1437 1307 1473 eiecit,
1332 1437 1467 1467 militcm
1486 1436 1608 1468 cotidie

197 1487 227 1518 in
247 1496 345 1529 opere
364 1485 475 1516 habuit
499 1490 531 1516 ct
548 1484 652 1516 XXX
670 1485 796 1515 dicrum
820 1483 1017 1515 frumentum
1042 1493 1079 1513 ac
1102 1487 1256 1524 septenos
1275 1481 1384 1513 vallos
1402 1480 1491 1513 ferre
1509 1490 1607 1521 coge-

198 1532 263 1563 bat.
295 1541 394 1570 acgrc
419 1535 553 1573 proptcr
575 1540 657 1561 onus
683 1529 846 1560 incedenti
863 1529 992 1559 dicebat
1023 1538 1116 1564 „cum
1141 1527 1250 1568 gladio
1274 1531 1307 1558 tc
1331 1527 1459 1558 vallare
1478 1526 1609 1566 scieris,

197 1576 321 1608 vallum
345 1575 434 1607 ferre
459 1575 642 1612 desinito“;
667 1574 741 1613 alii,
766 1579 893 1605 scutum
911 1583 1024 1615 parum
1042 1573 1199 1604 habilitcr
1217 1571 1356 1610 fcrenti,
1379 1571 1519 1613 amplius
1536 1581 1610 1603 eum

197 1625 325 1652 scutum
350 1621 437 1652 iusto
464 1619 567 1661 ferrc,
598 1629 701 1662 neque
726 1619 755 1650 id
780 1630 814 1650 sc
834 1618 1091 1660 rcprchcnderc,
1122 1617 1248 1659 quando
1268 1617 1383 1649 melius
1401 1621 1495 1648 scuto
1515 1626 1609 1659 quam

197 1665 305 1705 gladio
325 1670 485 1697 uteri-tur.
519 1675 610 1707 quem
636 1665 770 1696 militem
794 1669 889 1695 cxtra
914 1664 1060 1695 ordincm
1084 1662 1374 1705 dcprchcndissrt,
1397 1661 1426 1693 si
1444 1661 1609 1693 Romanus

197 1715 297 1749 essct,
315 1711 449 1742 vitibus.
470 1711 496 1741 si
515 1715 714 1748 extraneus,
735 1709 839 1750 virgis
858 1709 986 1739 cecidit.
1020 1708 1161 1739 iumenta
1181 1708 1305 1743 omnia,
1331 1718 1368 1738 ne
1387 1710 1610 1739 exonerarent

196 1755 351 1794 militem,
380 1756 536 1787 vcndidit.
583 1765 680 1796 saepe
706 1755 867 1785 adversus
892 1753 1082 1795 eruptiones
1106 1753 1248 1784 hostium
1272 1751 1417 1784 feliciter
1441 1752 1610 1794 pugnavit.

199 1800 340 1831 Vaccaei
363 1801 489 1831 obsessi
512 1800 628 1831 liberis
651 1800 909 1841 coniugibusque
932 1798 1108 1830 trucidatis
1128 1798 1187 1840 ipsi
1205 1808 1240 1829 se
1259 1798 1508 1829 interemerunt.
1539 1796 1610 1828 Sci-

198 1845 251 1886 pio
273 1844 473 1886 amplissima
499 1855 632 1876 munera
657 1845 754 1876 missa
779 1845 843 1875 sibi
868 1845 907 1875 ab
932 1843 1095 1875 Antiocho
1128 1853 1204 1884 rcgc
1230 1843 1365 1885 Syl-iac,
1395 1852 1466 1873 cum
1495 1841 1607 1873 celare

198 1889 276 1919 aliis
296 1889 550 1930 imperatoribus
570 1901 682 1931 rcgnm
702 1901 833 1921 muncra
854 1900 922 1920 mos
940 1894 1040 1928 cssct,
1063 1899 1119 1931 pro
1140 1888 1298 1920 tribunali
1317 1887 1378 1927 [ca]
1397 1891 1608 1929 accepturum

199 1944 234 1964 sc
253 1943 326 1964 csse
344 1934 440 1973 dixit,
458 1935 627 1976 omniaque
647 1945 683 1966 ca
703 1939 910 1977 quaestorcm
926 1934 1053 1965 rci'crrc
1072 1934 1101 1964 in
1122 1934 1266 1975 publicas
1285 1932 1415 1965 tabulas
1433 1932 1546 1963 iussit:
1565 1941 1606 1963 ex

199 1978 250 2009 his
279 1989 314 2008 sc
337 1978 421 2008 viris
450 1978 590 2010 fortibus
614 1980 696 2010 dona
720 1980 883 2011 daturum.
931 1990 1000 2010 cum
1030 1979 1169 2020 undiquc.
1200 1978 1406 2009 Numantiam
1437 1976 1607 2008 obsidione

200 2022 379 2054 clausissct
398 2027 426 2052 ct
448 2023 603 2053 obscssos
622 2023 703 2054 samc
723 2025 850 2056 vidcrct
869 2024 999 2063 urgeri,
1018 2024 1148 2061 hostcs,
1167 2023 1219 2064 qui
1239 2022 1425 2064 pabulatum
1442 2021 1607 2061 exierant,

200 2067 305 2098 vetuit
323 2066 442 2103 occidi,
468 2068 550 2108 quod
576 2068 701 2098 diccrct
728 2069 874 2099 velocius
898 2079 955 2099 cos
979 2069 1211 2109 absumpturos
1231 2066 1384 2098 frumenti
1403 2066 1488 2108 quod
1506 2066 1607 2098 liabe-

202 2117 287 2152 rcnt,
304 2112 333 2143 si
351 2111 461 2153 plnrcs
481 2111 629 2142 l'uisscnt.

762 2191 818 2222 Ex
842 2191 1044 2224 1,11ῐ.ΙΑἸΙΙ.

289 2244 362 2276 Tib.
382 2244 597 2286 Sempronius
616 2242 784 2274 Gracchus
804 2245 954 2276 tribunus
972 2246 1076 2287 plcbis
1100 2256 1169 2276 cum
1195 2246 1297 2286 lcgcm
1318 2245 1483 2286 agrariam
1502 2243 1606 2277 ferret

199 2291 360 2322 advcrsus
381 2290 583 2321 voluntatcm
601 2293 735 2319 senatus
761 2294 792 2319 ct
810 2291 972 2330 cqurslris
991 2291 1134 2328 ordinis,
1159 2301 1197 2321 nc
1223 2291 1294 2332 quis
1312 2300 1351 2322 ex
1378 2289 1507 2332 publico
1525 2299 1605 2331 agro

201 2336 272 2378 plus
291 2346 382 2377 quam
404 2335 432 2366 Μ
454 2335 566 2374 iugc-ra
587 2334 780 2375 possidcrct,
799 2334 827 2364 in
846 2345 916 2365 cnm
937 2335 1080 2366 l'nrorcm
1099 2336 1244 2376 cxarsit,
1263 2340 1298 2367 ut
1316 2335 1360 2367 Μ.
1379 2335 1520 2366 Octavio
1538 2335 1607 2366 col-

201 2381 292 2418 lcgac,
310 2390 441 2411 causam
460 2380 613 2410 diversae
632 2379 733 2420 partis
752 2379 937 2409 dcl'cndcnli
958 2385 1151 2420 potcstatcm
1171 2381 1242 2421 lcgc,
1260 2381 1326 2412 lata
1345 2381 1536 2420 abrogaret,
1555 2389 1606 2412 se-

199 2436 259 2467 quc,
279 2429 309 2456 ct
329 2425 361 2455 C.
382 2424 567 2456 Gracchum
591 2423 725 2455 fratrem
744 2428 773 2453 cl
795 2423 842 2465 A..
874 2425 1042 2455 Claudium
1066 2436 1213 2456 socci-um
1238 2425 1432 2456 triumviros
1456 2425 1495 2456 ad
1520 2424 1607 2456 divi-

199 2470 337 2500 dcndum
356 2480 469 2509 agrum
489 2474 630 2500 crcarct.
665 2468 880 2510 promulgavit
908 2473 940 2499 vt
958 2469 1053 2500 aliam
1074 2470 1175 2507 lcgcm
1194 2471 1374 2509 agrariam,
1399 2481 1461 2512 qua
1476 2469 1539 2501 sibi
1557 2469 1606 2501 ln-

200 2515 267 2545 tius
285 2524 397 2553 agrum
427 2514 644 2556 patu-l'accrct,
675 2518 709 2544 nt
735 2514 814 2544 idem
840 2514 1005 2544 triumviri
1032 2514 1232 2553 iudicari-ni,
1262 2526 1322 2557 qna
1348 2515 1495 2557 publicus
1513 2523 1604 2554 ager,

201 2570 261 2600 qna
283 2559 432 2601 privatus
449 2564 550 2589 csscl.
585 2559 718 2596 dcindc,
737 2569 807 2589 cnm
828 2559 932 2589 miuus
950 2559 1019 2598 agri
1039 2564 1143 2599 essct,
1162 2570 1254 2600 quam
1272 2561 1353 2601 quod
1372 2559 1473 2591 dividi
1493 2564 1604 2601 posset

201 2604 271 2634 sinc
290 2604 412 2635 oll'cnsa
431 2605 529 2635 ctiam
549 2604 670 2645 pli-bis,
696 2603 844 2645 ‹pioniam
870 2614 925 2633 cos
944 2604 981 2634 ad
1002 2604 1211 2645 cupiditatem
1230 2605 1367 2645 amplum
1386 2604 1512 2636 modum
1530 2614 1605 2647 spc-
