1712 2825
715 755 746 794 Τ
768 755 785 794 Ι
808 754 838 793 Τ
859 754 877 793 Ι
925 755 955 793 L
978 754 992 792 l
1012 753 1039 791 V
1061 753 1077 791 Ι

359 836 422 876 ΑΒ
445 835 577 876 URBE
609 834 823 875 CONDITA
852 832 1111 872 LIBRORUM
1141 831 1435 872 PERIOCHAE.

672 981 744 1013 EX
772 979 926 1013 LIBRO
956 978 1147 1011 XXXIX.

290 1062 334 1095 M.
352 1063 514 1095 Aemilius
532 1062 648 1094 consul
664 1061 842 1102 Liguribus
860 1060 1006 1092 subactis
1021 1060 1106 1092 viam
1120 1059 1290 1091 Placentia
1308 1070 1413 1102 usque
1427 1059 1610 1093 Ariminum

199 1109 392 1152 perductam
411 1108 594 1140 Flaminiae
617 1108 736 1139 iunxit.
770 1106 864 1138 initia
887 1106 1041 1137 luxuriae
1066 1106 1096 1136 in
1116 1105 1230 1137 urbem
1247 1105 1439 1138 introducta
1456 1105 1496 1137 ab
1510 1115 1610 1138 exer-

199 1155 267 1187 citu
281 1154 430 1186 Asiatico
447 1151 651 1185 referuntur.
671 1153 824 1192 Ligures,
839 1152 1032 1193 quicumque
1048 1151 1131 1182 citra
1139 1150 1345 1193 Apenninum
1359 1155 1466 1192 erant,
1482 1150 1612 1183 subacti

199 1205 287 1232 sunt.
320 1199 544 1240 Bacchanalia,
561 1208 690 1230 sacrum
709 1197 872 1230 Graecum
890 1201 924 1228 et
940 1201 1149 1237 noc-turnum,
1169 1196 1310 1228 omnium
1327 1196 1492 1228 scelerum
1508 1197 1611 1228 semi-

197 1246 336 1286 narium,
355 1255 427 1276 cum
444 1245 484 1276 ad
503 1244 647 1284 ingentis
666 1243 782 1275 turbae
801 1242 1063 1274 coniurationem
1081 1243 1302 1283 pervenisset,
1321 1242 1558 1282 investigatum
1576 1245 1611 1274 et

197 1291 376 1323 multorum
394 1300 499 1332 poena
517 1289 682 1321 sublatum
701 1293 764 1320 est.
798 1298 816 1320 a
831 1287 1025 1319 censoribus
1043 1287 1080 1318 L.
1098 1286 1235 1320 Valerio
1248 1286 1370 1319 Flacco
1385 1291 1420 1319 et
1433 1286 1476 1319 M.
1489 1286 1609 1319 Porcio

199 1336 336 1376 Catone,
355 1340 389 1367 et
407 1335 485 1367 belli
504 1339 537 1367 et
553 1335 643 1377 pacis
660 1334 788 1366 artibus
805 1333 958 1374 maximo,
977 1337 1084 1364 motus
1104 1337 1156 1364 est
1174 1337 1294 1364 senatu
1310 1331 1347 1364 L.
1364 1331 1516 1375 Quintius
1529 1331 1610 1364 Fla-

198 1382 351 1422 mininus,
368 1380 407 1412 T.
423 1379 544 1420 frater,
566 1390 604 1411 eo
623 1380 724 1422 quod,
745 1389 817 1410 cuin
835 1377 975 1409 Galliam
993 1378 1196 1420 provinciam
1215 1377 1331 1409 consul
1349 1377 1533 1418 obtineret,
1551 1387 1611 1409 ro-

200 1431 296 1468 gatus
314 1436 331 1457 a
350 1425 460 1457 Poeno
479 1425 639 1467 Philippo,
658 1434 752 1466 quem
770 1423 915 1463 amabat,
940 1427 1053 1454 scorto
1080 1423 1199 1462 nobili,
1217 1422 1348 1454 Gallum
1373 1423 1532 1464 quendam
1551 1432 1612 1454 sua

199 1482 296 1504 manu
315 1471 484 1502 occiderat
501 1470 584 1511 sive,
601 1474 638 1501 ut
656 1469 785 1511 quidam
804 1468 1028 1506 tradiderunt,
1048 1478 1146 1498 unum
1164 1477 1206 1498 ex
1224 1467 1386 1499 damnatis
1405 1468 1515 1499 securi
1532 1477 1613 1510 per-

201 1521 353 1549 cusserat
377 1520 512 1556 rogatus
536 1526 555 1546 a
578 1515 753 1546 meretrice
776 1513 988 1553 Placentina,
1019 1513 1112 1544 cuius
1142 1522 1254 1544 amore
1285 1512 1469 1554 deperibat.
1515 1516 1611 1544 extat

202 1562 308 1594 :iratio
327 1561 372 1593 M.
392 1560 528 1592 Catonis
546 1561 578 1592 in
597 1570 682 1591 eum.
716 1559 829 1600 Scipio
854 1557 982 1590 Literni
1005 1557 1164 1598 decessit,
1191 1562 1240 1595 et,
1265 1562 1429 1599 tamquam
1453 1557 1610 1598 iungente

200 1606 333 1639 fortuna
351 1606 439 1637 circa
458 1606 542 1637 idem
560 1610 689 1647 tempus
707 1604 770 1635 duo
788 1603 906 1635 funera
919 1603 1135 1634 maximorum
1148 1602 1303 1644 virorum,
1316 1601 1477 1634 Hannibal
1493 1612 1512 1634 a
1526 1601 1611 1634 Pru-

201 1654 260 1692 sia,
280 1652 455 1694 Bithyniae
474 1661 563 1691 rcge,
582 1651 622 1682 ad
640 1659 734 1692 quem
752 1649 840 1681 victo
856 1649 1019 1680 Antiocho
1039 1646 1242 1689 confugerat,
1261 1657 1333 1679 cum
1350 1647 1532 1679 dederetur
1546 1645 1613 1679 Ro-

200 1698 314 1739 manis,
334 1697 387 1738 qui
404 1697 444 1728 ad
462 1695 707 1738 exposcendum
725 1705 798 1726 eum
816 1693 854 1726 T.
875 1693 1041 1736 Quintium
1059 1693 1275 1724 Flamininum
1294 1693 1466 1734 miserant,
1483 1702 1611 1724 veneno

200 1744 263 1775 sibi
286 1746 426 1774 mortem
445 1741 618 1773 conscivit.
649 1740 882 1782 Philopoemen
901 1749 1040 1781 quoque,
1058 1739 1123 1770 dux
1138 1739 1356 1777 Achaeorum,
1373 1737 1426 1769 vir
1441 1737 1612 1780 maximus,

202 1799 220 1820 a
240 1787 417 1820 Messeniis
437 1787 565 1818 occisus
584 1796 721 1828 veneno,
739 1795 810 1817 cum
828 1786 868 1816 ab
886 1785 926 1816 iis
945 1784 1032 1815 bello
1051 1788 1166 1826 captus
1184 1788 1287 1815 esset.
1321 1783 1469 1815 coloniae
1488 1782 1612 1814 Poten-

202 1834 248 1865 tia
267 1837 301 1864 ct
319 1833 490 1865 Pisaurum
508 1836 542 1863 et
560 1830 685 1863 Mutina
703 1836 737 1862 et
750 1830 866 1862 Parma
884 1831 1044 1861 deductae
1062 1833 1150 1862 sunt.
1183 1833 1359 1871 praeterea
1376 1838 1431 1860 res
1448 1828 1611 1860 adversus

203 1878 390 1910 Celtiberos
415 1887 574 1919 prospere
599 1881 712 1917 gestas
736 1880 770 1907 ct
794 1876 887 1907 initia
911 1885 1094 1916 causasque
1112 1874 1191 1906 belli
1216 1873 1421 1906 Macedonici
1444 1873 1611 1913 continet3

202 1924 294 1956 cuius
313 1923 405 1963 origo
425 1923 497 1954 inde
525 1923 627 1962 fluxit,
647 1922 731 1964 quod
747 1921 915 1963 Philippus
931 1930 1033 1960 aegre
1051 1920 1181 1952 ferebat
1199 1929 1333 1960 regnum
1353 1928 1445 1950 suum
1463 1917 1614 1950 aRoma·

201 1969 251 2000 nis
271 1968 426 2007 imminui,
440 1972 474 1999 et
488 1968 573 2010 quod
588 1971 767 2008 cogeretur
780 1976 797 1996 a
810 1966 994 1998 Thracibus
1007 1965 1146 2007 aliisque
1161 1965 1243 1996 locis
1257 1963 1423 2007 praesidia
1437 1964 1614 1996 deducere.

691 2160 759 2193 EX
785 2160 933 2192 Llsslio
959 2159 1127 2192 XXXX.

293 2244 372 2275 Cum
391 2242 560 2284 Philippus
579 2241 702 2289 liberos
721 2251 844 2281 corum,
865 2251 945 2281 quos
959 2241 990 2272 in
1007 2240 1312 2281 vinculishabebnt,
1330 2239 1612 2271 nobilissimorum

205 2289 369 2321 hominum
388 2288 534 2330 conquiri
559 2287 599 2318 ad
625 2291 761 2318 mortem
780 2286 949 2325 iussisset,
968 2285 1166 2326 Theoxena,
1190 2286 1299 2318 verita
1323 2295 1382 2327 pro
1400 2284 1515 2316 liberis
1539 2284 1610 2316 suis

204 2335 375 2366 admodum
394 2334 504 2374 pueris
524 2333 612 2372 regis
631 2332 813 2371 libidinem,
836 2331 974 2373 prolatis
999 2332 1028 2362 in
1054 2332 1194 2363 medium
1217 2330 1336 2371 gladiis
1361 2334 1395 2362 et
1419 2329 1553 2372 poculo,
1577 2329 1610 2361 in

205 2391 267 2422 quo
286 2389 446 2412 venenum
464 2382 553 2417 erat,
578 2378 684 2408 suasit
703 2377 759 2415 iis,
779 2381 814 2407 ut
831 2377 1001 2407 imminens
1020 2377 1194 2408 ludibrium
1218 2380 1325 2408 iiiorte
1349 2375 1552 2415 effugerent,
1575 2377 1611 2406 et

205 2437 276 2457 cum
296 2424 530 2467 persuasisset,
547 2427 581 2454 et
599 2423 669 2465 ipsa
688 2433 723 2452 se
748 2422 926 2453 interemit.
962 2423 1142 2453 certamina
1165 2422 1252 2453 inter
1276 2421 1362 2452 lilios
1379 2419 1520 2461 Philippi
1539 2417 1609 2451 Ma-

205 2471 362 2502 cedoniae
382 2470 482 2509 regis,
509 2468 632 2500 Persen
655 2472 688 2499 et
708 2467 927 2508 Demetrium,
951 2466 1161 2506 reseruntur3
1188 2471 1222 2498 et
1238 2470 1274 2498 ut
1290 2464 1406 2497 fraude
1424 2463 1539 2496 fratris
1557 2463 1609 2495 sui

207 2516 392 2548 Demetrius
419 2515 504 2546 lictis
527 2512 726 2553 criminibus,
751 2513 839 2543 inter
863 2522 944 2553 quae
968 2513 1180 2544 accusatione
1205 2510 1371 2554 parricidii
1395 2514 1429 2542 et
1451 2507 1610 2541 adfectati

204 2561 310 2602 regni,
330 2561 465 2603 primum
485 2559 620 2602 petitus,
638 2559 678 2590 nd
691 2557 851 2596 ultimum,
872 2557 1022 2598 quoniam
1040 2558 1149 2600 populi
1166 2557 1300 2589 Romani
1317 2555 1441 2588 amicus
1455 2558 1539 2595 erat,
1551 2562 1610 2586 ve-

204 2617 288 2637 neno
309 2610 444 2638 necatus
463 2609 526 2645 est,
543 2613 741 2645 regnumque
761 2602 974 2635 Macedoniae
993 2607 1122 2634 mortuo
1143 2602 1289 2644 l‘hilippo
1307 2601 1347 2633 ad
1365 2600 1490 2633 Persen
1507 2599 1609 2632 devo·-
