1712 2825
95 216 121 234 a.
139 207 191 234 Ch.
207 208 268 233 179.
548 193 675 227 LIBER
700 194 851 226 xxxx.
902 194 993 226 CAP.
1014 196 1067 227 55.
1423 197 1505 237 207

92 300 215 351 magis
233 310 347 351 quam
365 297 566 337 manifesta
583 302 688 336 esset
702 309 778 344 res,
795 297 897 336 forte
914 297 1069 349 Xychus
1088 296 1224 336 obvius
1242 299 1284 337 fit
1300 298 1505 350 Antigono,

93 357 475 408 comprehensusque
504 354 550 392 ab
578 366 623 392 eo
645 353 683 392 in
705 353 846 404 regiam
871 359 930 392 est
950 354 1170 405 perductus.
1212 355 1342 394 relicto
1366 369 1411 394 eo
1435 369 1505 395 cu-

91 413 267 453 stodibus
298 410 515 461 Antigonus
557 410 603 448 ad
634 410 856 462 Philippum
894 411 1098 462 processit.
1149 411 1342 457 „multis“
1382 413 1504 464 inquit

90 467 372 518 „sermonibus
393 467 628 506 intellexisse
651 467 794 512 videor,
817 479 958 518 magno
975 472 1012 506 te
1030 467 1336 513 aestimaturum‚
1356 469 1387 506 si
1405 470 1504 508 scire

87 537 175 564 vera
202 524 331 563 omnia
360 524 490 575 possis
519 525 565 563 de
595 524 681 562 filiis
712 524 810 569 tuis,
842 530 928 563 uter
955 525 1002 563 ab
1029 531 1117 563 utro
1146 524 1289 574 petitus
1310 524 1445 564 fraude
1465 533 1503 564 et

87 570 238 620 insffliis
260 587 374 620 esset.
416 581 534 619 homo
558 592 659 619 unus
683 581 872 628 omnium,
895 582 958 632 qui
975 581 1124 619 nodum
1143 581 1256 619 huius
1275 581 1416 620 erroris
1435 595 1499 620 ex—

88 638 235 678 solvere
255 638 402 689 possit,
425 638 464 676 in
486 643 679 688 potestate
700 642 762 676 tua
785 643 845 676 est
863 637 1061 689 Xychusf‘
1099 637 1200 676 forte
1222 637 1391 676 oblatum
1415 650 1503 689 per-

87 695 324 745 ductumque
352 694 391 732 in
418 696 562 745 regiam
585 695 711 732 vocari
732 694 889 733 iuberet.
933 695 1120 733 adductus
1142 694 1269 745 primo
1292 695 1343 732 ita
1364 706 1505 744 negare

87 751 368 797 inconstanter,
390 757 431 790 ut
452 763 569 801 parvo
592 756 697 789 metu
718 751 876 789 admoto
900 757 1078 802 paratum
1098 751 1264 789 indicem
1283 763 1369 789 esse
1385 751 1505 803 adpa—

85 813 200 847 reret.
232 813 485 859 conspectum
507 807 668 846 tortoris
690 808 971 859 verberumque
992 820 1073 847 non
1096 807 1282 847 sustinuit
1304 808 1503 847 ordinem-

86 877 160 916 que
188 876 346 903 omnem
376 864 558 903 facinoris
579 864 792 914 legatorum
815 864 1098 916 ministeriique
1120 865 1179 903 sui
1202 865 1395 915 exposuit.
1437 878 1501 904 ex-

85 921 233 972 templo
256 921 366 960 missi
389 921 453 972 qui
473 921 618 971 legatos
641 922 1032 972 comprehenderent.
1055 921 1277 967 Philoclem,
1303 921 1366 972 qui
1389 934 1503 972 prae—

87 989 177 1016 sens
207 984 304 1023 erat,
336 978 636 1028 obpresserunt3
665 978 817 1028 Apelles
840 978 984 1017 missus
1007 979 1052 1017 ad
1076 978 1283 1017 Chaeream
1308 979 1501 1029 quendam

85 1034 398 1086 persequendum
415 1034 557 1073 indicio
575 1034 694 1086 Xychi
712 1035 841 1073 audito
859 1036 896 1073 in
914 1035 1058 1074 Italiam
1077 1035 1234 1074 traiecit.
1269 1035 1314 1072 de
1330 1035 1501 1074 Philocle

86 1091 180 1130 nihil
198 1091 289 1130 certi
307 1092 499 1140 vulgatum
518 1096 597 1135 est3
619 1091 678 1129 alii
699 1091 827 1140 primo
845 1092 1038 1130 audac-iter
1055 1096 1274 1143 negantem,
1293 1097 1499 1142 postquam

85 1147 126 1186 in
146 1153 397 1197 conspectum
420 1147 607 1185 adductus
631 1148 681 1185 sit
696 1147 866 1198 Xychus,
884 1160 962 1186 non
981 1149 1079 1186 ultra
1096 1148 1322 1192 tetendisse,
1341 1148 1400 1186 alii
1417 1154 1501 1186 tor-

85 1208 215 1242 menta
242 1204 354 1242 etiam
377 1203 603 1242 infitiantem
626 1216 858 1254 perpessum
881 1205 1097 1244 adfirmant.
1131 1205 1308 1255 Philippo
1330 1204 1499 1243 redinte-

86 1265 217 1310 gratus
233 1265 292 1298 est
304 1259 428 1298 luctus
446 1260 751 1311 geminatusque,
763 1267 800 1299 et
815 1261 1074 1300 infelicitatem
1088 1274 1196 1300 suam
1214 1261 1252 1299 in
1268 1261 1395 1300 liberis
1413 1274 1501 1312 gra—

84 1315 245 1363 viorem,
269 1316 372 1366 quod
395 1316 488 1354 alter
509 1324 717 1367 superesset
739 1330 853 1368 quam
876 1319 975 1369 quod
997 1317 1094 1356 alter
1115 1318 1290 1368 perisset,
1308 1317 1499 1357 censebat.

83 1450 198 1483 nahme
215 1460 265 1482 am
280 1450 471 1482 Schicksale
490 1451 548 1482 des
566 1451 755 1483 Demetrius

82 1496 172 1528 nicht
204 1500 383 1527 erwarten.
417 1514 460 1519 —
494 1495 632 1539 Xychus
666 1497 749 1528 wird

832 1452 889 1483 141
909 1463 939 1484 u.
954 1462 983 1483 a.
999 1471 1041 1475 —
1056 1453 1195 1495 Xychus
1209 1453 1299 1485 steht
1312 1453 1360 1485 als
1375 1453 1498 1496 Haupt-

829 1497 962 1539 hegriff,
993 1498 1143 1538 obgleich
1177 1503 1282 1530 etwas
1322 1499 1413 1539 hart,
1448 1509 1498 1531 alu

81 1541 154 1573 hier
170 1551 206 1573 so
225 1541 386 1580 erwiihnt,
403 1542 453 1572 als
473 1542 512 1573 ob
531 1542 622 1573 seine
639 1541 753 1573 Thell-

81 1587 197 1618 nahmc
222 1597 272 1618 am
291 1586 455 1618 Verrathe
480 1588 579 1618 sehon
606 1587 752 1619 bekannt

80 1631 189 1671 wiire3
221 1632 493 1663 wahrscheinlich
519 1633 608 1664 hatte
635 1632 751 1675 Polyb.

80 1687 120 1709 an
151 1677 210 1709 der
244 1677 470 1709 betreffenden
501 1677 607 1709 Stelle
643 1678 753 1709 dieses

79 1721 262 1761 berichtet,
291 1721 328 1754 L.
361 1732 396 1754 es
416 1722 496 1754 aber
522 1723 610 1754 nicht
632 1722 744 1763 ausge-

79 1777 248 1807 nommen,
280 1767 427 1807 obgleich
459 1778 496 1799 er
524 1778 563 1799 an
589 1779 618 1799 u.
640 1768 688 1799 St.
713 1778 748 1799 so

80 1813 218 1854 spricht,
245 1812 295 1844 als
320 1812 360 1843 ob
379 1823 414 1844 es
437 1814 621 1853 geschehen
647 1814 750 1855 w‘zire,

79 1858 147 1898 vgl.
166 1857 265 1897 0:11,
287 1857 314 1889 1.

126 1902 213 1934 3-5.
240 1904 437 1945 ser-monia,
464 1914 490 1935 c.
511 1903 569 1942 54,
595 1903 624 1935 8.
644 1922 686 1927 —
704 1906 751 1936 vi-

80 1946 172 1989 deor,
190 1949 218 1989 1,
234 1947 287 1987 23,
304 1948 322 1980 7
337 1959 368 1980 u.
383 1959 412 1980 a.
423 1966 467 1972 —
481 1952 570 1981 esset
584 1950 749 1981 zwischen

77 1995 190 2037 possis
204 1994 268 2025 und
285 1995 396 2037 possit
413 1995 467 2035 ist,
486 1995 636 2034 obgleich
652 1994 699 2026 ost
717 1996 748 2026 in

81 2043 167 2071 orat.
186 2038 249 2070 obl.
270 2049 378 2082 praes.
397 2040 461 2071 und
487 2039 614 2082 imperf.
639 2042 748 2072 wech-

80 2084 171 2125 seln‚
194 2084 266 2116 hier
288 2084 464 2116 auffallend
490 2085 552 2117 und
578 2085 673 2117 kaum
698 2086 748 2117 als

80 2127 273 2170 Bedingung
291 2129 372 2161 oder
384 2131 433 2162 als
449 2129 551 2171 Folge
567 2131 659 2162 eines
674 2132 703 2162 in
719 2134 752 2163 si

79 2192 103 2197 —
139 2176 250 2217 possis
299 2175 499 2207 involvirten
541 2175 747 2208 VVunsches:

80 2220 211 2251 utinam
239 2221 379 2260 scirem,
411 2222 470 2262 qui
499 2240 519 2243 -
551 2224 640 2253 esset
670 2222 751 2254 oder

81 2263 181 2296 durch
200 2264 251 2296 die
271 2264 456 2305 Beziehung
472 2264 530 2296 nus
543 2266 751 2299 intellem'sse

81 2319 123 2341 zu
141 2308 309 2348 erkliiren,
333 2320 404 2341 man
423 2315 600 2343 erwartet:
621 2314 749 2355 petitus

80 2355 180 2394 —sz‘t,
204 2354 270 2395 vgl.
290 2355 346 2397 28,
372 2355 432 2395 31,
458 2356 488 2386 4.
513 2373 556 2379 —
578 2357 703 2388 nodum
727 2376 748 2381 —

80 2409 165 2442 erra,
199 2400 259 2432 deu
289 2400 390 2432 durch
421 2401 472 2432 die
503 2400 748 2441 Ungewisshcit

82 2445 191 2485 (orror
212 2445 240 2483 1,
256 2444 309 2485 24,
328 2446 360 2484 1;
381 2446 411 2485 9,
431 2445 481 2486 15,
499 2446 551 2485 ll)
570 2447 747 2486 geschlun-

81 2497 185 2530 geuen
211 2488 360 2529 Knoten,
390 2491 442 2522 dic
471 2492 602 2523 schwer
631 2502 670 2523 zu
696 2493 748 2524 Ιΰ-

81 2535 182 2567 Ιεηᾱο
214 2535 470 2576 Ungewissheit.
516 2555 556 2559 —
600 2540 747 2570 omnium

82 2579 223 2621 nteigert
252 2582 333 2612 noch
364 2592 468 2623 unu-5,
503 2582 567 2613 wie
598 2583 628 2614 in
660 2594 747 2615 nnus

83 2626 229 2657 omnium
253 2627 464 2659 iustissimus
490 2626 556 2659 Cic.
579 2627 667 2660 Sest.
693 2628 747 2667 67,

828 1543 939 1581 Ende,
960 1544 1116 1575 wiihrend
1135 1554 1206 1575 man
1227 1555 1262 1575 cs
1281 1543 1330 1575 als
1348 1545 1496 1586 Apposit.

1532 589 1554 621 4

1534 701 1551 732 5

1532 869 1551 901 6

828 1599 867 1619 zu
882 1589 1129 1632 homo-possib
1142 1600 1202 1620 vor
1216 1591 1247 1620 sn
1261 1592 1430 1632 potestate
1443 1600 1497 1620 er·
1537 1590 1543 1595 '

827 1638 960 1665 wax-tet.
978 1652 1021 1657 —
1041 1634 1202 1675 oblatum,
1225 1644 1250 1665 s.
1271 1635 1300 1672 5,
1331 1635 1379 1672 13,
1409 1634 1448 1665 12
1466 1645 1497 1666 u.

826 1689 868 1717 a.‚
887 1680 968 1710 oder
986 1680 1036 1710 ein
1056 1680 1224 1710 iihnliches
1242 1679 1342 1710 Wort
1358 1680 1400 1711 ist
1414 1684 1497 1711 statt

823 1724 882 1755 des
901 1725 970 1755 hds.
996 1725 1097 1755 durch
1122 1726 1238 1756 vocat-1⁴
1260 1725 1492 1756 ver-anlassten

822 1772 978 1801 vocatum
1003 1780 1043 1800 zu
1070 1770 1172 1801 lesen.
1198 1788 1242 1792 —
1268 1770 1408 1807 iuberet,
1434 1771 1493 1802 der

824 1815 941 1846 rnschc
982 1813 1180 1855 Uebergang
1227 1814 1256 1845 in
1297 1815 1348 1846 die
1389 1815 1494 1847 oratio

826 1860 953 1905 ohlms,
979 1860 1032 1899 35,
1057 1860 1110 1897 49,
1137 1861 1173 1899 53
1200 1860 1252 1899 42,
1277 1859 1331 1898 43,
1357 1861 1376 1891 9
1396 1871 1427 1891 u.
1453 1870 1495 1901 a.‚

823 1905 869 1936 ist
902 1905 973 1936 hier
1007 1906 1095 1937 nicht
1126 1906 1208 1936 ohne
1239 1905 1358 1943 Hiirte,
1395 1905 1494 1938 Gron.

823 1961 928 1981 verm.
944 1950 1080 1981 deshalb
1094 1952 1229 1983 1'uhe.—
1246 1952 1303 1989 ila,
1319 1951 1497 1982 beschriin-

823 1995 921 2027 kend.
948 2013 993 2018 —
1014 1999 1124 2036 metu,
1156 1997 1257 2027 durch
1282 1999 1496 2039 conspectum

823 2046 887 2072 etc.
918 2041 1064 2079 erklfirt,
1096 2041 1161 2081 vgl.
1188 2040 1245 2083 26,
1281 2041 1338 2080 12,
1373 2042 1422 2073 17.
1452 2060 1495 2065 -—

821 2088 968 2124 verbera,
981 2086 1244 2127 Geisselung.—
1259 2086 1380 2124 ordin„
1398 2098 1424 2118 c..
1441 2087 1493 2126 57,

823 2131 859 2170 33
881 2132 933 2170 22,
954 2131 1006 2169 22,
1030 2131 1078 2164 IS.
1094 2150 1138 2154 —
1153 2134 1334 2170 minister„
1353 2142 1379 2164 s.
1399 2132 1416 2173 ξ
1438 2131 1466 2163 1.

869 2177 958 2208 6—8.
978 2177 1277 2213 (⁷l1ae1·eam,sonst
1290 2177 1492 2209 unbekannt.

822 2222 993 2260 ——1'11d1'e.,
1013 2233 1038 2253 s.
1063 2222 1116 2264 33,
1143 2222 1196 2261 28,
1226 2223 1274 2254 ll.
1295 2241 1339 2245 —
1356 2222 1492 2254 audaei—

823 2270 885 2307 ἴεν,
902 2267 955 2307 22,
975 2268 1025 2309 25,
1050 2268 1099 2300 10.
1119 2287 1159 2290 —
1179 2270 1378 2308 negaulem,
1398 2278 1490 2299 wenu

822 2323 858 2344 cs
883 2314 1003 2353 richtig
1027 2313 1071 2345 ist
1105 2313 1174 2351 (die
1201 2313 1263 2344 Mz.
1293 2314 1330 2344 Α.
1358 2314 1412 2343 hat
1435 2323 1492 2343 ue-

818 2361 930 2399 ὁναηί),
949 2369 1039 2389 inuss
1054 2359 1117 2389 wie
1133 2358 1187 2396 27,
1206 2358 1257 2398 43,
1278 2358 1312 2388 3:
1331 2357 1491 2400 inplican-

823 2406 872 2435 tes
919 2405 1091 2447 responsis
1138 2403 1326 2435 docueruut
1365 2402 1493 2433 erkliirt

821 2449 966 2490 werden,
995 2460 1139 2490 negasse
1168 2450 1250 2479 ohne
1281 2458 1355 2478 enm
1381 2447 1491 2478 wiirde

817 2493 937 2534 jedoch
972 2495 1121 2533 weniger
1155 2493 1294 2535 passcnd
1333 2492 1413 2523 sein.
1447 2509 1490 2515 —

823 2539 956 2579 teteud„
975 2539 1026 2580 23,
1051 2539 1099 2576 1-1,
1121 2539 1159 2575 ὃς
1186 2540 1214 2573 8,
1240 2538 1287 2573 15,
1312 2537 1331 2567 9
1350 2548 1380 2568 u.
1399 2547 1429 2569 a.
1449 2556 1489 2560 -

820 2583 924 2625 alter,
962 2585 1105 2615 darnnch
1141 2584 1183 2614 ist
1216 2582 1488 2614 wahrsrheinlirh

821 2629 873 2660 ein
899 2629 1056 2661 Gednnke
1087 2629 1148 2659 wic
1179 2627 1238 2658 der
1268 2637 1331 2659 von
1357 2626 1491 2668 Madvig
