1712 2825
501 214 630 248 LIBER
654 213 837 246 XXXXII.
885 214 979 246 CAP.
1004 215 1059 247 45.
1408 216 1489 256 343

79 237 105 256 a..
127 229 181 256 ch.
195 230 255 254 171.

85 322 214 361 missa.
261 325 339 360 tres
360 321 471 357 erant
494 317 626 367 legati,
650 316 710 355 Ti.
734 316 914 356 Claudius
940 316 1007 367 Sp.
1030 316 1258 356 Postumius
1279 318 1327 357 M.
1343 318 1490 357 Iunius.
1520 324 1541 356 2

83 377 109 416 ii
144 378 425 417 circumeuntes
464 373 723 412 hortabantur
750 372 880 412 socios
910 373 955 412 ad
986 373 1277 423 suscipiendum
1305 375 1490 414 adversus

82 434 222 473 Persea
244 443 320 484 pro
348 430 536 469 Romanis
557 430 722 477 bellum,
754 434 791 468 et
820 442 897 480 quo
920 441 1093 481 quaeque
1116 430 1336 480 opulentior
1357 431 1490 470 civitas

83 494 183 535 erat,
213 501 258 527 eo
287 486 502 526 accuratius
531 486 715 536 agebant,
747 486 833 537 quia
859 485 1034 524 minores
1067 489 1268 525 secuturae
1295 487 1490 526 maiorum

81 544 345 584 auctoritatem
369 548 491 582 erant.
527 542 657 582 Rhodi
679 542 849 581 maxumi
870 542 916 581 ad
940 542 1070 581 omnia
1087 542 1276 581 momenti
1293 543 1490 582 habeban—
1520 550 1539 582 3

79 606 160 647 tur,
190 601 280 651 quia
306 611 385 639 non
414 599 541 638 favere
567 604 736 646 tantum,
764 599 831 638 sed
859 599 1039 638 adiuvare
1065 598 1209 638 viribus
1239 599 1322 638 suis
1349 599 1491 639 bellum

77 661 275 708 poterant,
307 656 558 707 quadraginta
587 655 747 694 navibus
777 660 934 694 auctore
961 655 1215 706 Hegesilocho
1238 656 1490 707 praeparatis,

78 713 144 764 qui
171 726 257 752 cum
287 713 325 751 in
355 725 511 752 summo
534 712 764 763 magistratu
785 718 888 751 esset
908 735 963 740 —
984 712 1162 763 prytanin
1184 713 1259 763 ipsi
1279 717 1418 752 vocant
1436 735 1491 740 —
1518 722 1541 753 4

77 769 209 808 multis
241 769 482 808 orationibus
511 769 724 820 pervicerat
750 768 945 815 Rhodios,
972 774 1016 807 ut
1044 769 1210 816 omissa,
1240 781 1354 820 quam
1377 781 1493 820 saepe

75 838 212 864 vanam
235 826 383 877 experti
404 830 547 872 essent,
570 838 704 876 regum
727 825 985 863 fovendorum
1005 837 1074 876 spe
1090 825 1305 864 Romanam
1324 826 1491 865 societa-

76 886 168 928 tem,
191 894 309 921 unam
330 887 413 921 tum
435 882 474 921 in
496 882 610 921 terris
633 882 687 920 vel
711 881 859 920 viribus
878 882 934 920 vel
951 881 1025 920 fide
1043 882 1235 929 stabilem,
1256 883 1490 921 retinerent:

75 937 216 977 bellum
244 938 447 977 imminere
476 951 563 977 cum
592 938 755 986 Perse03
790 938 1077 977 desideraturos
1099 938 1299 977 Romanos
1322 939 1490 978 eundem
1520 947 1540 978 5

77 995 250 1034 navalem
279 1000 524 1047 apparatum,
553 1007 667 1045 quem
696 1007 821 1045 nuper
840 994 1040 1044 Antiochi,
1074 1007 1188 1045 quem
1211 995 1381 1047 Philippi
1403 999 1490 1034 ante

75 1051 174 1090 bello
205 1051 406 1091 vidissent.
447 1051 710 1102 trepidaturos
738 1056 821 1090 tum
850 1056 1011 1102 repente
1035 1052 1204 1102 paranda
1227 1052 1370 1100 classe,
1401 1064 1489 1090 cum
1518 1058 1538 1090 6

76 1108 262 1147 mittenda
282 1113 401 1155 esset,
422 1108 497 1146 nisi
519 1108 674 1146 reficere
695 1119 826 1153 naves,
849 1108 925 1146 nisi
946 1109 1137 1147 instruere
1158 1108 1356 1147 navalibus
1374 1108 1490 1147 sociis

77 1164 309 1214 coepissent.
350 1165 390 1204 id
412 1177 456 1203 eo
480 1164 602 1215 magis
625 1164 735 1203 enixe
755 1164 978 1203 faciundum
1003 1176 1101 1211 esse,
1122 1169 1165 1203 ut
1186 1164 1347 1203 crimina
1368 1165 1490 1203 delata

76 1220 123 1259 ab
144 1220 316 1259 Eumene
344 1221 418 1259 fide
445 1233 575 1259 rerum
604 1220 834 1259 refellerent.
877 1221 936 1259 his
965 1220 1109 1259 incitati
1139 1221 1392 1272 quadraginta
1417 1232 1489 1259 na-
1519 1230 1537 1261 7

75 1277 180 1316 vium
202 1277 365 1316 classem
388 1277 617 1316 instructam
641 1282 895 1327 ornatamque
915 1277 1048 1327 legatis
1069 1277 1257 1316 Romanis
1280 1277 1488 1316 advenien-

74 1332 197 1379 tibus,
226 1338 268 1373 ut
295 1345 376 1372 non
405 1338 642 1384 expectatam
665 1333 974 1372 adhortationem
1000 1346 1087 1372 esse
1108 1339 1329 1384 appareret,
1353 1339 1490 1372 osten—

76 1389 226 1428 derunt.
268 1394 304 1429 et
333 1390 426 1428 liaec
454 1390 592 1439 legatio
616 1401 799 1440 magnum
822 1390 867 1429 ad
891 1389 1154 1428 conciliandos
1177 1390 1330 1428 animos
1354 1389 1490 1428 civita·
1519 1399 1538 1431 8

74 1446 172 1485 tium
200 1446 312 1485 Asiae
340 1451 584 1484 momentum
613 1445 698 1485 fuit.
748 1446 942 1485 Decimius
971 1458 1072 1485 unus
1108 1446 1191 1484 sine
1226 1446 1304 1485 ullo
1336 1446 1486 1492 effectu,

76 1507 276 1553 captarum
298 1503 410 1541 etiam
433 1502 685 1554 pecuniarum
708 1502 754 1541 ab
770 1502 926 1552 regibus
943 1503 1160 1554 Illyriorum
1179 1502 1405 1554 suspicione
1425 1503 1486 1541 in-

72 1558 198 1608 famis,
222 1559 386 1599 Romam
409 1559 534 1597 rediit.

816 1702 937 1724 vana-m
954 1692 1020 1723 wol
1036 1702 1095 1723 aus
1113 1691 1183 1723 Pol.
1200 1688 1360 1733 entlehnt,
1375 1693 1414 1724 da
1429 1693 1487 1725 das

818 1737 967 1778 Excerpt
991 1738 1069 1768 sehr
1092 1737 1254 1769 verkiirzt
1279 1738 1338 1778 ist,
1364 1737 1485 1769 Nissen

820 1782 878 1820 153
904 1782 984 1821 2523
1012 1782 1047 1813 L.
1066 1783 1122 1813 hat
1138 1780 1253 1814 friiher
1270 1783 1380 1814 dieses
1399 1784 1488 1815 nicht

75 1704 103 1726 s.
122 1704 149 1725 c.
172 1692 231 1732 193
251 1693 405 1724 Postmn.
424 1692 547 1724 Consul
562 1692 638 1732 580,
657 1702 684 1723 s.
703 1702 744 1723 zu

75 1738 131 1779 41,
149 1737 260 1777 21,1;
285 1738 403 1769 Nissen
427 1737 484 1771 15:
510 1737 585 1768 246.
611 1756 653 1759 -
677 1738 743 1768 cir-

75 1785 271 1815 cumeuntes
287 1800 309 1804 —
325 1785 492 1822 accurat„
516 1781 570 1822 35,
589 1781 641 1820 31,
660 1782 695 1812 1
688 1793 694 1799 ·
713 1781 745 1812 4.

123 1827 172 1857 3-
180 1827 211 1858 4.
226 1827 368 1869 favore,
399 1807 532 1858 absolut
555 1827 616 1857 wie
646 1827 672 1865 1,
691 1827 744 1866 25,

77 1872 114 1909 9;
140 1871 211 1903 Pol.
235 1873 369 1913 καίπερ
393 1867 435 1903 οὐ
454 1870 746 1924 προσδεομένων

76 1918 148 1949 τῶν
161 1914 314 1948 (ιΡοδίων
337 1915 428 1948 κατὰ
453 1928 516 1948 τοι
522 1927 538 1952 ς
559 1913 640 1948 τότε
653 1913 745 1959 χρό-

75 1973 98 1994 ἰ
100 1973 171 2002 ους,
186 1962 283 1993 niiinl.
293 1963 370 1993 dass
385 1962 437 1993 die
453 1962 569 1993 Riimer
585 1962 630 1993 sit·
636 1962 653 1992 h
669 1963 747 1992 sehr

74 1987 249 2039 bernii'hton
274 2008 323 2038 sic
341 2006 400 2038 aus
413 2008 503 2038 ihrer
521 2007 612 2038 Seite
631 2018 670 2037 zu
690 2017 745 2038 er-

76 2052 199 2084 hulten
209 2052 429 2095 —qnadragz
435 2052 653 2091 ,ebensol'ol
666 2052 746 2083 aber

75 2097 105 2129 in
135 2098 277 2129 anderei
306 2097 475 2137 Ordnung.
500 2115 544 2120 —
571 2099 745 2149 prytanin,

74 2141 111 2174 P.
129 2139 381 2184 πρυτανεύωη
410 2144 464 2183 15,
490 2143 530 2174 23
558 2154 631 2187 nm
636 2153 745 2218 remig,

74 2188 156 2219 aber
188 2188 247 2227 29,
272 2188 291 2219 4
325 2184 522 2240 πρυτάνεις
552 2189 616 2218 und
643 2188 700 2228 27,

74 2242 366 2278 προτανειωτος
393 2231 458 2273 τὴι
491 2232 664 2278 δευτέραν
687 2231 744 2264 ἐκ-

73 2288 194 2329 μηνον
212 2279 340 2317 zeigen,
359 2278 435 2308 dass
454 2287 503 2308 zw
508 2279 536 2309 ei
555 2287 666 2309 waren
680 2278 745 2309 und

71 2322 107 2364 je
133 2322 152 2353 6
171 2322 303 2354 Monate
319 2323 369 2353 di«-
389 2322 414 2353 G
421 2322 568 2354 esc-,haste
588 2324 745 2362 leiteten3

76 2368 128 2399 die
146 2367 340 2407 Anl'iibrung
360 2369 403 2399 ist
421 2369 482 2398 wie
497 2368 550 2407 41,
566 2368 652 2405 211,”’
664 2368 744 2409 3:7,

77 2412 131 2453 22,
147 2413 495 2454 5332,5‚10u.a.—
517 2381 674 2453 or'altmi„
690 2413 744 2454 32,

76 2456 136 2499 28,
155 2458 191 2489 8:
222 2459 274 2489 leis
293 2459 500 2489 orationibus
517 2460 745 2500 pervicerunt,

77 2502 128 2534 die
147 2502 340 2543 Zusetzung
358 2503 506 2535 Rhodios
524 2514 562 2534 an
582 2514 612 2534 u.
632 2504 680 2535 st.
702 2504 747 2535 ist

76 2549 541 2591 ungewiihnlirh,perr1'n‹·erc
555 2549 636 2579 wird
652 2553 747 2580 sonst

77 2592 209 2624 absolut
241 2594 439 2633 gebrziiiclit,
474 2594 609 2624 desbalb
642 2603 745 2625 verm.

78 2636 177 2670 Drak.
188 2638 319 2680 Rhodii,
332 2639 463 2679 Madvig
475 2639 747 2682 perduxerat.—

817 1828 979 1866 erwiihnt,
1005 1828 1045 1858 im
1071 1826 1165 1867 Folg.
1190 1828 1279 1859 viell.
1306 1827 1447 1860 Roman.
1466 1847 1488 1851 -

816 1872 969 1904 stabilem
989 1877 1174 1912 zugesetzt.

864 1918 1115 1950 5-8.e1mdem
1139 1927 1214 1949 nav.
1233 1928 1327 1961 app„
1352 1917 1405 1956 31,
1425 1918 1485 1957 473

818 1962 949 2001 32,16;
976 1962 1195 2003 36,43·45;
1215 1962 1266 2003 37,
1285 1964 1320 2000 9,
1346 1962 1406 2002 22;
1427 1963 1487 2004 303

818 2008 870 2045 37,
888 1986 1487 2060 22.—11-ep1·d.‚51a3a''1r13-23r36127

818 2064 873 2084 ται
886 2055 1005 2105 χωεία,
1018 2053 1070 2105 μὴ
1085 2050 1166 2085 τότε
1183 2050 1489 2099 πασασκειάζων-

817 2110 874 2130 ται
902 2095 996 2140 πρὸς
1019 2109 1059 2129 τω
1079 2085 1295 2130 παυακαλού
1290 2109 1424 2142 wasloi
1443 2117 1488 2122 —-

815 2144 970 2187 paranda
993 2143 1031 2175 cl.
1051 2145 1203 2183 ohnev'n,
1228 2144 1281 2183 41,
1300 2144 1354 2184 27,
1377 2144 1426 2175 13.
1444 2162 1487 2167 —-—

817 2189 860 2227 id,
876 2199 904 2219 w
909 2199 970 2220 enn
986 2189 1096 2220 dieses
1113 2188 1227 2229 feliltc,
1242 2169 1356 2220 wiirdc
1372 2192 1410 2222 ut
1423 2194 1485 2220 ete.

816 2235 918 2265 lcicht
935 2235 984 2265 nis
1004 2234 1122 2275 Object
1139 2235 1335 2276 vonsacere
1352 2244 1486 2274 genoni-

817 2290 907 2318 nien,
931 2281 1011 2311 auch
1034 2281 1090 2311 hat
1108 2280 1137 2311 d.
1156 2280 1212 2311 Hs.
1231 2281 1482 2321 congii-enimam

818 2325 858 2356 im
874 2324 1038 2364 Vorherg.
1057 2330 1217 2357 erwartct
1235 2335 1306 2356 man
1323 2328 1392 2356 {mn
1408 2325 1489 2355 oder

817 2372 896 2401 mite
914 2370 965 2401 bei
979 2371 1056 2402 uisi.
1075 2389 1097 2392 —
1115 2370 1258 2410 ostend„
1276 2370 1341 2409 vgl.
1362 2370 1414 2407 211,
1434 2368 1485 2410 22,

821 2415 878 2446 111.
901 2434 940 2438 -
965 2418 1124 2447 moment.
1140 2417 1237 2457 suit,
1269 2415 1334 2453 vgl.
1354 2414 1412 2451 23,
1434 2413 1485 2453 17,

822 2460 878 2491 10:
904 2471 1068 2502 umgnum
1091 2462 1123 2492 ²⁹11
1149 2462 1262 2491 onmia
1280 2462 1485 2491 monn-ulum.

817 2505 962 2549 Syphax?
984 2509 1084 2543 erat„
1110 2505 1145 2536 21
1163 2530 1170 2543 ,
1189 2506 1217 2543 -1,
1237 2505 1275 2541 2;
1301 2505 1353 2541 41),
1373 2504 1426 2541 21,
1445 2504 1484 2538 2;

820 2550 954 2590 Madvig
977 2562 1078 2582 verni.
1099 2552 1189 2591 saci!
1214 2550 1266 2580 od.
1296 2549 1427 2591 habuit,
1457 2560 1484 2580 s.

820 2595 838 2636 ξ
863 2596 901 2634 3;
929 2607 956 2627 c.
982 2596 1041 2633 4⁴3,
1065 2596 1095 2626 5.
1130 2613 1172 2617 —-
1207 2594 1349 2633 Derim„
1380 2604 1407 2625 r.
1433 2593 1486 2635 37,

820 2641 851 2672 2.
874 2659 916 2664 -
942 2642 1069 2682 regib„
1094 2639 1234 2671 Gentius
1266 2640 1331 2671 und
1359 2639 1484 2671 andere
