1712 2825
41 190 66 208 a.
90 182 143 209 ch.
168 182 228 207 182.
502 168 629 202 LIBER
653 167 804 201 XXXX.
851 168 944 201 CAP.
963 170 994 201 5.
1367 171 1447 209 117

40 275 125 315 diae
137 274 285 321 adiecit,
301 278 345 312 ut
357 272 468 323 vulgo
481 271 612 324 ipsum
625 271 845 323 liberosque
857 271 938 311 eius
950 277 1260 320 exsecrarentur3
1278 283 1376 323 quae
1388 271 1447 311 di-

39 343 104 371 rae
111 331 214 371 brevi
226 330 272 369 ab
284 329 466 369 omnibus
478 328 552 368 diis
564 329 775 376 exauditae,
784 333 827 367 ut
838 329 999 367 saeviret
1009 328 1094 379 ipse
1107 329 1146 366 in
1162 341 1277 368 suum
1290 329 1447 380 sangui—

39 400 141 435 nem,
161 387 379 426 effecerunt.
420 387 586 426 Perseus
609 386 712 424 enim
735 398 822 425 cum
845 385 883 424 in
906 385 987 424 dies
1009 385 1131 436 magis
1149 390 1324 424 cerneret
1337 385 1448 425 favo-

36 457 120 483 rem
135 448 173 482 et
187 442 412 495 dignitatem
428 442 612 481 Demetrii
626 442 756 482 fratris
773 442 876 493 apud
892 441 1178 481 multitudinem
1194 441 1450 482 Macedonum

36 512 209 540 crescere
229 505 267 539 et
281 499 443 550 gratiam
460 499 560 551 apud
578 500 793 544 Romanos,
810 498 884 538 sibi
900 511 1010 551 spem
1027 498 1169 538 nullam
1187 498 1296 548 regni
1312 510 1449 550 super-

37 569 123 596 esse
143 556 218 596 nisi
239 556 278 595 in
301 556 445 595 scelere
465 560 591 604 ratus,
613 556 659 595 ad
682 556 719 595 id
741 568 862 595 unum
886 568 1022 594 omnes
1045 555 1298 607 cogitationes
1319 555 1449 594 inten-
1486 565 1488 568 ’

37 613 103 652 dit.
145 618 312 653 ceterum
341 625 429 652 cum
456 625 498 651 se
524 624 572 651 ne
600 613 646 652 ad
675 612 712 651 id
743 613 911 664 quidem,
935 612 1038 664 quod
1062 611 1239 651 muliebri
1261 611 1451 663 cogitabat

36 669 186 717 enimn,
215 670 308 709 satis
330 682 399 721 per
421 682 462 708 se
482 666 649 708 validum
673 669 861 718 crederet,
890 669 1065 720 singulos
1089 669 1304 708 amicorum
1327 667 1449 720 patris

36 731 225 778 temptare
258 726 506 766 sermonibus
527 726 722 778 perplexis
743 726 895 766 institit.
936 731 974 765 et
993 726 1121 777 primo
1145 725 1301 777 quidam
1324 738 1370 764 ex
1389 725 1449 764 his

36 783 325 835 aspernantium
353 783 426 822 tale
455 783 658 834 quicquam
688 783 949 834 praebuerunt
974 783 1162 834 speciem,
1193 782 1280 833 quia
1304 783 1389 834 plus
1410 781 1448 820 in

35 840 229 879 Demetrio
258 841 340 892 spei
366 839 581 891 ponebant,
611 840 750 879 deinde
778 845 977 880 crescente
1004 840 1043 878 in
1068 840 1149 878 dies
1170 839 1338 891 Philippi
1359 838 1448 878 odio
1481 844 1495 851 '

35 896 76 936 in
97 897 315 946 Romanos,
345 897 405 936 cui
426 896 591 936 Perseus
612 896 843 948 indulgeret,
871 896 1087 936 Demetrius
1110 908 1265 935 summa
1287 909 1361 948 ope
1382 895 1450 934 ad-

35 959 271 1000 versaretur,
299 953 583 1005 prospicientes
606 953 737 992 animo
760 954 902 993 exitum
926 953 1069 993 incauti
1090 965 1110 992 a
1130 953 1264 992 fraude
1283 953 1452 992 fraterna

37 1009 198 1057 iuvenis,
218 1010 490 1058 adiuvandum,
513 1010 616 1061 quod
637 1011 812 1050 futurum
836 1017 928 1057 erat,
950 1010 1020 1049 rati
1036 1010 1322 1060 fovendamque
1340 1020 1450 1060 spem

38 1067 282 1118 potentioris,
298 1067 441 1106 Perseo
460 1080 501 1106 se
518 1067 746 1117 adiungunt.
779 1073 902 1107 cetera
919 1067 958 1106 in
975 1079 1088 1106 suum
1107 1079 1281 1118 quaeque
1298 1072 1451 1117 tempus

41 1123 184 1173 agenda
206 1123 414 1169 diss'erunt3
434 1124 473 1161 in
494 1124 711 1174 praesentia
733 1124 859 1175 placet
880 1124 988 1163 omni
1010 1136 1083 1175 ope
1104 1125 1143 1162 in
1166 1124 1366 1163 Romanos
1389 1134 1452 1160 ac-

42 1179 151 1218 cendi
172 1191 301 1230 regem
324 1179 529 1231 inpellique
551 1180 596 1218 ad
619 1180 778 1219 consilia
800 1180 905 1226 belli,
935 1181 980 1219 ad
1002 1192 1100 1231 quae
1121 1180 1198 1218 iam
1220 1193 1288 1219 sua
1312 1183 1453 1230 sponte.

42 1235 213 1275 animuin
236 1235 471 1275 inclinasset.
515 1236 630 1275 simul
651 1242 692 1276 ut
713 1236 930 1276 Demetrius
947 1238 986 1275 in
1005 1237 1086 1276 dies
1104 1237 1325 1286 suspectior
1341 1239 1454 1283 esset,

40 1304 84 1331 ex
106 1293 327 1343 composito
349 1304 553 1331 sermones
576 1293 620 1331 ad
644 1305 725 1332 rem
748 1294 1017 1333 Romanorum
1038 1292 1253 1332 trahebant.
1294 1292 1344 1331 ibi
1367 1303 1454 1331 cum

39 1439 145 1477 dirae,
167 1439 195 1480 1,
213 1439 266 1479 59,
294 1437 352 1477 133
379 1438 449 1471 Pol.
467 1450 494 1471 c.
523 1439 557 1471 S:
584 1441 709 1483 τρίτον

40 1486 172 1523 (ausser
196 1485 255 1516 der
280 1483 542 1525 Uebersiedlung
561 1485 620 1516 der
637 1484 707 1516 Rii-

39 1530 296 1562 stenbewobner
327 1530 392 1562 und
425 1531 485 1562 der
517 1529 707 1571 Gefangen-

39 1576 200 1615 nebmung
222 1575 282 1607 dei·
299 1573 425 1607 Rinder
447 1577 506 1608 der
530 1575 707 1608 Erinorde-

38 1625 94 1653 ten
121 1631 148 1652 c.
172 1620 203 1659 3)
228 1617 264 1652 δ’
296 1619 316 1662 ἡ
346 1618 434 1663 τύχη
466 1619 590 1673 δρᾶμα
616 1619 706 1653 κατὰ

39 1663 105 1698 τὸν
128 1661 239 1698 αὐτὸν
262 1663 392 1709 καιρὸν
415 1664 637 1709 ἐπεισηγιιγε
666 1664 706 1698 τὸ

39 1707 130 1742 κατὰ
148 1708 232 1745 τοὺς
249 1707 359 1746 υἱούς.
377 1728 398 1732 -
412 1708 451 1742 ἐν
464 1708 649 1747 τοιαύταις
667 1708 702 1743 δ’

42 1750 153 1796 οὔσης
177 1752 343 1797 ἀτυχίαις
371 1755 431 1786 καὶ
455 1757 631 1799 τιιοαχαΐς
648 1756 709 1798 τῆς

41 1798 155 1839 αὐτοῦ
182 1800 304 1843 ψυχῆς
327 1802 382 1836 τίς
407 1796 472 1832 οὐκ
495 1788 541 1833 ἰῖν
559 1798 708 1837 εἰκότως

39 1842 223 1887 ὑπολάβοι
240 1845 341 1878 θεῶν
357 1856 393 1877 τι
406 1845 492 1879 νῶν
517 1843 613 1889 αὐτῷ
636 1846 709 1890 μῆ-

38 1900 98 1924 νιν
123 1891 174 1926 εἰς
194 1889 234 1922 τὸ
255 1890 370 1935 γῆρας
387 1892 622 1934 κατασκῆψαι
643 1890 705 1924 διὰ

37 1934 101 1973 τὰς
117 1934 157 1969 ἐν
173 1936 223 1979 τῷ
241 1933 487 1979 προγεγονόῐι
501 1939 569 1979 βίῳ
584 1948 707 1980 παρα-

38 1984 188 2025 νομίας,·
219 1981 254 2013 L.
280 1981 398 2024 kniipt't
420 1982 472 2014 die
496 1981 706 2023 Verstiirung

39 2027 97 2059 des
116 2026 250 2059 Geistes
268 2038 329 2059 nur
346 2038 384 2059 an
411 2028 469 2059 das
494 2028 623 2060 zuletzt
647 2039 705 2060 er-

38 2072 171 2104 wiibnle
200 2071 348 2114 Factum,
376 2073 525 2113 obgleich
555 2084 592 2105 er
620 2074 702 2105 auch

40 2128 67 2149 c.
94 2117 125 2156 2,
155 2118 173 2149 5
198 2120 450 2151 exsecrationes
475 2119 638 2152 erwiihnt.
661 2137 705 2142 —

41 2164 160 2195 omnib.
179 2163 220 2203 d.‚
239 2173 265 2195 s.
285 2174 311 2195 c.
334 2164 384 2203 12,
406 2164 463 2202 183
492 2164 520 2206 3,
541 2164 592 2204 17,
611 2165 647 2203 ὃς
674 2165 704 2205 7,

39 2207 71 2247 5,
86 2207 123 2246 2ς
149 2208 179 2247 9,
199 2208 324 2248 26,1S,
347 2210 468 2241 anders
489 2209 516 2245 l,
535 2209 588 2247 48,
608 2210 637 2241 7.
661 2228 705 2233 —

39 2255 174 2291 saei-ira,
207 2253 235 2294 1,
268 2253 321 2294 53,
356 2254 405 2285 10.
431 2272 476 2277 -—
504 2256 537 2286 in
561 2254 634 2287 dies
660 2266 706 2287 m.

38 2297 163 2330 kanuto
178 2309 218 2330 zu
236 2302 387 2331 cerneret
407 2309 599 2339 genoininen
619 2310 707 2332 wer-

38 2343 112 2382 den,
131 2344 251 2384 gemin
267 2344 346 2375 aber
365 2345 428 2376 wol
447 2345 508 2376 wie
527 2346 547 2386 ᾖ
565 2346 582 2376 5
603 2356 706 2386 unge-

38 2389 151 2421 achtet
168 2389 226 2421 der
245 2389 396 2430 Stellung
413 2401 454 2421 zu
472 2394 650 2429 cresc-eren
679 2401 706 2423 s,

39 2444 66 2466 c.
86 2434 139 2473 58,
159 2434 194 2466 2:
219 2437 436 2474 incremento,
461 2435 491 2473 5,
512 2436 565 2476 29,
594 2436 647 2467 10:
672 2438 705 2468 in

39 2478 110 2512 dies
126 2482 238 2523 magis
255 2482 420 2522 augebam
441 2479 492 2517 38,
509 2481 562 2519 42,
578 2481 615 2512 S:
635 2481 711 2514 belli

35 2523 210 2567 gliscentis
233 2528 265 2557 ιή
284 2526 355 2558 dt'es
372 2527 598 2567 magissama
615 2530 705 2565 οναίς

39 2568 92 2610 35,
110 2570 164 2611 41,
193 2571 203 2602 l
228 2571 271 2602 ist
288 2571 339 2603 die
358 2571 477 2603 Lesurt
494 2573 528 2603 ιἰι
547 2572 616 2604 dies
633 2584 705 2604 ma-

37 2617 94 2657 gis
115 2634 138 2639 -
161 2617 330 2649 crescebat
359 2618 437 2649 sehr
466 2617 631 2649 unsiclier.
662 2636 705 2641 ——

780 1440 931 1473 Demetr.
950 1459 972 1463 —
992 1450 1095 1473 cresc.
1135 1441 1260 1472 stimmt
1292 1439 1380 1471 nicht
1414 1449 1455 1470 zu

782 1484 802 1527 ξ
829 1486 864 1516 l:
890 1486 989 1528 vulgo
1012 1485 1241 1528 —le‘berosque
1268 1485 1456 1526 exsecrab„

783 1532 864 1562 doch
890 1533 934 1564 ist
958 1532 1068 1563 dieses
1094 1531 1159 1563 wol
1184 1542 1245 1563 nur
1262 1540 1456 1571 ungenauer

780 1578 1006 1609 rhetoriscber
1034 1577 1227 1617 Ausdruck,
1258 1576 1453 1608 schwerlich

780 1622 902 1655 liberos
933 1621 991 1654 auf
1017 1622 1162 1654 Perseus
1190 1622 1290 1654 allein
1325 1632 1366 1652 zu
1395 1621 1455 1652 be-

781 1668 897 1699 ziehen
918 1669 998 1699 oder
1015 1678 1056 1699 zu
1070 1668 1206 1699 {indes-n.

826 1711 912 1744 3-9.
931 1713 1099 1753 muliebri,
1118 1713 1261 1753 reizbar,
1275 1711 1356 1743 aber
1370 1712 1454 1743 ohne

780 1758 831 1789 die
866 1758 1009 1798 Energie
1049 1759 1121 1790 dem
1155 1757 1290 1799 Gegner
1329 1757 1454 1797 muthig

781 1807 945 1844 entgegen
972 1814 1012 1835 zu
1037 1808 1161 1835 treten.
1186 1821 1230 1826 —
1254 1805 1372 1842 instit„
1398 1802 1453 1844 34,

781 1848 834 1890 59,
852 1848 882 1880 6.
900 1867 943 1871 —
962 1860 1096 1892 asperti.
1116 1867 1136 1871 -
1154 1858 1254 1891 specu,
1277 1858 1303 1879 S.
1322 1847 1376 1883 26,
1396 1847 1452 1887 27,

783 1893 841 1930 1ϋς
862 1894 915 1934 35,
935 1893 989 1933 34,
1014 1896 1044 1926 9.
1064 1913 1109 1917 —
1128 1895 1194 1926 tale
1220 1904 1259 1935 (1.,
1287 1892 1341 1933 23,
1367 1893 1398 1930 9,
1419 1894 1450 1924 9.

781 1938 856 1971 odio
872 1939 1051 1982 —1'71d1dg'.‚
1080 1939 1185 1971 Prisc.
1208 1939 1238 1978 7,
1267 1938 1305 1969 16
1331 1948 1361 1980 p.
1387 1937 1451 1968 737

780 1984 836 2016 hat
852 1986 886 2015 in
901 1983 1073 2017 Romanos
1092 1985 1318 2024 iibergangen.
1335 2001 1378 2006 —-
1396 1985 1452 2015 cui

776 2048 798 2052 -
811 2029 940 2072 indulg.
958 2049 979 2053 —
995 2030 1141 2068 advers„
1166 2031 1204 2061 da
1224 2029 1336 2060 diesen
1357 2027 1453 2062 Pers.

779 2076 914 2114 niihrte,
943 2095 965 2098 —
989 2076 1144 2107 wahrend
1170 2075 1315 2106 Demetr.
1340 2091 1383 2097 —
1414 2085 1452 2105 a·-

775 2120 906 2162 genda,
931 2131 998 2154 was
1020 2122 1101 2153 auch
1122 2119 1231 2152 fehlen
1257 2120 1399 2158 konnte,
1425 2129 1452 2151 s.

779 2166 811 2205 9,
829 2166 859 2205 9,
879 2166 936 2205 l9;
955 2166 1007 2209 39,
1026 2166 1076 2206 18,
1095 2166 1125 2198 1:
1145 2166 1302 2207 dtssll'eme,
1321 2165 1376 2196 hat
1392 2175 1453 2196 nur

779 2211 831 2242 die
851 2211 916 2243 Mz.
937 2211 992 2244 Hs.
1012 2231 1054 2235 -
1072 2223 1230 2254 quaeque,
1249 2211 1315 2251 vgl.
1331 2210 1411 2241 Sall.
1428 2208 1451 2240 l.

780 2256 833 2296 60,
853 2257 888 2288 4:
915 2259 967 2288 uli
983 2268 1133 2300 quaeque
1150 2267 1204 2289 res
1229 2258 1344 2293 eran&
1370 2255 1451 2286 Cato

782 2313 808 2334 r.
836 2312 861 2333 r.
890 2302 967 2334 1³1:
991 2303 1063 2335 loca
1079 2321 1099 2325 -
1118 2304 1170 2335 uli
1191 2311 1339 2344 quaeque
1365 2310 1452 2341 gra-

782 2349 921 2379 vissima
934 2351 1023 2389 sunt,
1042 2359 1069 2379 s.
1089 2358 1129 2379 zu
1149 2347 1208 2385 39,
1229 2347 1289 2385 31,
1312 2346 1370 2381 123
1397 2345 1452 2383 42,

780 2392 834 2432 44,
856 2393 866 2424 l
883 2403 891 2431 ς
909 2393 962 2433 25,
981 2394 1035 2433 22,
1054 2394 1083 2430 5,
1099 2392 1347 2433 gcwiilinliclit·r
1362 2390 1452 2420 wiire

780 2438 931 2480 quidque,
954 2438 1035 2470 aber
1058 2448 1206 2480 quaeque
1230 2436 1358 2467 selu-int
1381 2435 1450 2466 sicli

781 2493 820 2514 an
846 2486 958 2516 celem
982 2484 1240 2524 nngeschlossvn
1270 2491 1309 2511 zu
1335 2479 1451 2518 baben,

782 2529 843 2559 wie
864 2531 977 2572 prima
1008 2539 1165 2571 quaeque.
1192 2544 1233 2549 —
1259 2536 1329 2557 rem
1353 2524 1449 2557 Hom.

780 2574 824 2605 ist
847 2575 1019 2609 unsiclier,
1049 2575 1088 2604 dn
1115 2573 1166 2603 die
1194 2571 1267 2602 llss.
1292 2582 1384 2613 spem
1411 2569 1449 2602 B.

781 2618 895 2661 baben,
913 2620 978 2659 vgl.
999 2619 1052 2659 39,
1072 2618 1124 2658 53,
1138 2619 1176 2657 ὓς
1196 2615 1354 2648 Ruhnken
1373 2626 1450 2648 ver-
