1638 2825
139 181 191 220 30
573 177 703 211 LIBER
726 177 892 211 xxxix.
941 178 1035 211 CAP.
1063 178 1116 211 16.

136 281 351 322 coniuratio
390 293 477 320 sese
511 281 616 331 inpia
642 286 760 320 tenet.

1371 194 1412 230 .a.
1433 195 1461 213 u.
1482 188 1545 214 568.

815 280 952 320 crescit
978 285 1016 320 et
1041 281 1162 332 serpit
1188 280 1360 333 quotidie
1387 280 1544 321 malum.

135 339 209 378 iam
231 338 355 377 maius
377 343 448 385 est,
471 350 586 389 quam
609 343 650 376 ut
667 349 802 389 capere
819 337 857 376 id
874 336 1020 389 privata
1037 338 1194 377 fortuna
1209 337 1348 389 possit,
1369 338 1417 377 ad
1436 350 1547 378 sum-

85 402 107 434 4
134 407 238 434 mam
259 407 344 434 rem
366 394 557 446 publicam
582 399 743 445 spectat.
783 393 867 432 nisi·
880 393 1136 445 praecavetis,
1154 394 1336 441 Quirites,
1359 394 1436 433 iam
1456 395 1547 434 huic

134 452 316 500 diurnae,
342 451 512 502 legitime
539 450 585 490 ab
614 451 773 489 consule
803 455 974 498 vocatae,
1002 462 1073 502 par
1093 455 1287 490 nocturna
1309 451 1437 490 contio
1460 464 1548 491 esse

133 509 290 560 poterit.
333 520 438 547 nunc
453 507 503 546 illi
520 520 604 556 vos,
627 506 768 558 singuli
786 507 990 546 universos
1008 507 1277 546 contionantes
1294 507 1450 555 timent3
1471 507 1548 547 iam

131 565 197 604 ubi
211 578 280 604 vos
299 564 436 616 dilapsi
453 564 592 603 domos
610 570 647 602 et
661 564 700 602 in
717 575 808 602 rura
819 568 943 602 vestra
956 563 1075 611 eritis,
1090 563 1142 602 illi
1155 563 1331 610 coierint,
1350 563 1547 603 consulta-

132 622 228 661 bunt
255 622 302 660 de
331 634 399 660 sua
429 621 549 660 salute
577 620 691 659 simul
714 632 757 659 ac
777 625 904 659 vestra
926 620 1119 672 pernicie3
1146 625 1230 660 tum
1253 620 1412 672 singulis
1434 620 1545 660 vobis

84 686 103 717 5
131 679 300 718 universi
321 677 624 717 timendi‘erunt.
661 682 796 728 optare
812 677 930 728 igitur
945 678 1215 728 unusquisque
1229 683 1404 717 vestrum
1421 677 1545 723 debet,

132 741 175 774 ut
204 735 305 774 bona
332 746 442 773 mens
465 734 546 773 suis
569 734 750 772 omnibus
778 733 904 773 fuerit.
953 734 986 773 si
1009 746 1123 785 quem
1144 734 1283 781 libido,
1321 734 1354 772 si
1372 733 1485 773 furor
1505 733 1545 772 in

131 792 236 830 illum
264 792 453 842 gurgitem
475 791 661 842 abripuit,
691 790 842 829 illorum
866 803 953 829 eum
967 822 975 838 ‚
1003 803 1091 830 cum
1115 790 1256 841 quibus
1276 791 1317 830 in
1339 802 1456 829 omne
1475 790 1546 830 ssa—

83 857 103 889 6
133 848 266 898 gitium
296 853 333 887 et
360 848 511 887 facinus
539 847 770 894 coniuravit,
802 859 883 886 non
913 860 1028 886 suum
1057 847 1199 887 iudicet
1229 859 1327 886 esse.
1377 858 1428 885 ne
1457 846 1545 898 quis

131 905 245 944 etiam
273 917 405 943 errore
432 905 581 943 labatur
608 910 783 943 vestrum
813 916 986 955 quoque,
1015 916 1097 943 non
1124 916 1212 943 sum
1234 915 1408 944 securus.
1448 903 1545 942 nihil

83 966 102 997 7
132 962 236 1000 enim
265 961 305 1000 in
333 962 503 1013 speciem
530 961 700 999 fallacius
732 965 791 999 est
819 973 933 1012 quam
962 973 1078 1012 prava
1107 960 1253 1011 religio.
1293 959 1360 1000 ubi
1381 960 1546 999 deorum

129 1030 277 1057 numen
293 1018 558 1070 praetenditur
575 1017 796 1064 sceleribus,
818 1017 922 1056 subit
937 1017 1110 1056 animum
1127 1017 1258 1064 timor,
1275 1028 1325 1056 ne
1340 1016 1542 1056 fraudibus

128 1075 311 1113 humanis
334 1074 574 1113 vindicandis
598 1074 715 1113 divini
737 1074 831 1112 iuris
854 1074 994 1125 aliquid
1016 1074 1222 1113 inmixtum
1237 1073 1439 1112 violemus.
1470 1073 1544 1112 hac

131 1143 201 1169 vos
223 1131 410 1181 religione
431 1129 727 1169 innumerabilia
746 1131 897 1168 decreta
914 1130 1156 1181 pontificum,
1180 1134 1336 1169 senatus
1354 1129 1544 1176 consulta,

81 1193 101 1226 8
129 1187 381 1238 haruspicum
417 1187 581 1238 denique
613 1198 802 1237 responsa
831 1187 1005 1226 liberant.

1069 1187 1250 1237 quotiens
1285 1186 1362 1225 hoc
1390 1191 1545 1237 patrum

127 1256 365 1294 avorumque
394 1248 515 1282 aetate
542 1243 743 1294 negotium
772 1248 831 1281 est
857 1243 1147 1293 magistratibus
1170 1243 1302 1282 datum
1320 1273 1329 1289 ‚
1359 1243 1413 1281 uti
1435 1254 1543 1281 sacra

129 1306 284 1339 externa
312 1300 393 1338 lieri
415 1305 603 1346 vetarent,
635 1299 871 1338 sacrificulos
893 1304 1074 1350 vatesque
1095 1299 1183 1344 foro
1207 1299 1309 1338 circo
1331 1298 1427 1337 urbe
1448 1310 1546 1349 pro-

129 1356 316 1402 biberent,
338 1355 538 1394 vaticinios
562 1355 683 1394 libros
704 1356 978 1406 conquirerent
994 1355 1358 1406 comburerentque,
1382 1366 1540 1394 omnem

128 1480 277 1521 geniiber
307 1480 366 1510 der
385 1479 547 1511 Existenz
579 1479 659 1510 odei·
683 1478 801 1511 wohl-

128 1524 216 1557 fuhrt
239 1525 297 1556 des
322 1525 471 1556 stantes:
496 1535 664 1556 summam
694 1535 800 1568 remp.

127 1589 169 1594 —
188 1570 340 1610 diurnae,
355 1570 439 1601 dazu
454 1570 535 1601 wird
551 1570 717 1601 leichtaus
727 1570 799 1601 dem

126 1615 221 1656 Folg.
242 1618 350 1648 contio
369 1616 526 1656 gedacbt,
547 1625 571 1646 s.
591 1614 650 1655 23,
676 1615 734 1653 37,
761 1614 799 1646 2:

126 1662 290 1693 adversus
308 1661 455 1701 lep-neam
472 1679 494 1683 —-
510 1661 610 1692 aliam
631 1664 762 1692 turrem
778 1679 800 1683 —

126 1708 305 1746 emcilavz't3
326 1706 378 1744 25,
401 1706 451 1746 10,
474 1706 529 1737 lo:
547 1706 726 1738 discrimen
740 1716 801 1749 pa-

126 1755 220 1784 eatae
247 1753 288 1783 ab
321 1751 435 1783 hostili
467 1750 584 1790 domo3
616 1750 734 1782 Vellei.
767 1750 798 1790 2,

126 1797 184 1829 88:
210 1799 374 1839 aequetur
395 1796 590 1839 praedictae
612 1798 678 1828 ium
697 1799 798 1828 Anti-

125 1845 186 1875 sm·
198 1841 342 1875 Servi'lia
359 1842 476 1885 Lepida·
497 1852 598 1874 umor.
618 1859 659 1864 —
677 1842 724 1873 illi
739 1852 798 1873 vos

126 1889 240 1919 stelien
275 1888 433 1918 einander
471 1887 594 1918 cbenso
635 1891 796 1926 enlgegen

126 1934 188 1963 wie
207 1932 336 1973 singuli
351 1933 458 1971 univ„
482 1932 549 1971 vgl.
568 1932 634 1962 Cic.
654 1932 742 1962 Sest.
767 1931 795 1971 1,

125 1977 161 2009 2:
179 1988 240 2020 per
255 1987 313 2008 vos
330 1977 442 2016 uubis,
461 1986 522 2018 per
541 1977 687 2018 optimos
704 1978 796 2007 vit-os

126 2025 260 2066 optimis
289 2023 430 2059 ciciliam
463 2022 503 2052 im
530 2021 622 2060 Folg.
651 2021 796 2061 siugulis

123 2070 218 2100 vobis
242 2068 392 2099 universi
415 2067 515 2097 findet
540 2076 601 2097 nm¹
619 2066 669 2097 ein
689 2065 795 2096 vinsa-

124 2112 401 2151 cherGegens-atz
416 2116 508 2143 stau.
522 2129 565 2134 —
579 2113 795 2150 contionata„

124 2159 280 2190 wZ'iln·end
299 2159 348 2189 ihr
367 2158 396 2188 in
416 2158 474 2188 dei·
491 2157 600 2188 contio
616 2157 793 2187 anwesvnd

125 2204 205 2235 seed.
230 2222 267 2226 —-
295 2205 329 2235 ιἰι
357 2213 456 2243 rura,
486 2203 537 2233 dic
566 2203 691 2241 niirgm·
721 2211 793 2233 vom

125 2249 235 2281 Laude
260 2248 451 2287 gcgvniibcr
477 2248 536 2278 den
563 2247 793 2278 Sta-ltbaeewnh-

125 2305 220 2326 nern:
239 2294 369 2334 domas,
388 2293 453 2331 vgl.
473 2293 502 2331 4,
523 2294 575 2330 313,
594 2294 623 2323 3.

170 2341 187 2371 5
204 2340 256 2371 -9.
303 2340 389 2370 bona
418 2349 529 2377 mens,
564 2336 795 2377 vcrniinstigcr

124 2386 223 2421 Sinti,
251 2386 290 2416 im
316 2384 524 2422 (lew-nsunt:
549 2384 726 2424 zusumr.
749 2401 794 2406 ——-

113 2432 235 2472 suerit
258 2430 473 2469 eigentliclies
499 2428 701 2467 Perfectum,
730 2429 793 2459 wie

123 2477 282 2518 abripuit.
307 2494 350 2498 ——-
373 2487 413 2506 ne
438 2476 510 2517 qm's
540 2485 600 2505 von
626 2485 691 2505 mm
716 2485 793 2505 sum

123 2531 265 2552 securus
290 2520 468 2561 nbhiingig,
500 2520 561 2551 wie
592 2530 653 2550 von
685 2520 791 2550 vinem

124 2565 267 2597 Verbum
287 2566 346 2596 ‹ler
365 2566 498 2605 Furem,
517 2576 542 2597 s,
562 2565 620 2604 35⁴,
646 2565 680 2607 7,
701 2565 730 2597 7.
749 2582 793 2588 —

124 2613 222 2642 eliam
243 2610 373 2642 bczielit
392 2612 461 2643 sich
479 2608 684 2649 :informare-3
705 2610 794 2642 nicht

872 1478 971 1510 allcin
990 1489 1050 1510 aus
1069 1478 1169 1510 Liebe
1184 1489 1224 1510 zu
1239 1479 1299 1510 den
1315 1478 1447 1519 Seinen,
1466 1487 1545 1510 son--

874 1525 952 1555 dern
969 1525 1050 1555 auch
1065 1524 1166 1556 durch
1181 1524 1254 1556 eine
1268 1523 1393 1556 falscbe
1408 1523 1545 1556 Ansicht

872 1579 935 1601 von
955 1570 1014 1600 der
1031 1569 1154 1608 Sache3
1175 1580 1305 1612 quoque
1321 1568 1381 1600 auf
1395 1571 1470 1610 quis
1486 1579 1543 1601 ve-

871 1617 993 1656 strum,
1011 1624 1130 1646 ausser
1147 1615 1208 1646 den
1228 1614 1351 1646 bereits
1367 1613 1542 1646 Verirrteu

872 1660 954 1691 auch
973 1661 1044 1699 ihn,
1068 1659 1136 1692 Cic.
1160 1659 1260 1691 Tusc.
1280 1660 1316 1701 4,
1343 1660 1378 1700 1,
1402 1658 1438 1690 3:
1463 1660 1543 1701 quin

872 1707 974 1736 eliam
1001 1706 1153 1737 arbitror
1178 1723 1201 1728 -
1230 1703 1380 1737 Numam
1404 1714 1542 1746 quoque,

872 1751 953 1782 doch
984 1751 1027 1782 ist
1055 1750 1106 1781 die
1131 1749 1479 1790 Zusammenstellung
1499 1758 1541 1782 an

872 1806 903 1827 u.
922 1795 970 1827 St.
997 1800 1102 1827 etwas
1125 1796 1246 1827 anders
1263 1795 1328 1826 und
1347 1795 1480 1832 hiirter3
1501 1794 1542 1826 da

872 1841 924 1872 die
948 1843 1086 1872 meisten
1106 1840 1180 1872 Hss.
1205 1839 1337 1881 quidem
1359 1843 1442 1870 statt
1459 1849 1540 1881 quo-

871 1896 933 1927 que
945 1885 1062 1924 haben,
1077 1894 1113 1916 so
1129 1885 1172 1916 ist
1185 1882 1381 1916 viell.dafiir
1391 1883 1541 1924 Quirites

870 1941 910 1961 zu
930 1930 1033 1961 lesen.
1051 1947 1095 1952 —
1112 1930 1334 1969 innume-rab„
1354 1929 1390 1961 L.
1410 1930 1465 1962 hat
1478 1939 1542 1961 nur

870 1975 950 2006 zwei
961 1975 1111 2006 erwiihnt
1125 1975 1156 2016 4,
1170 1974 1230 2013 303
1248 1975 1298 2016 25,
1317 1975 1344 2013 1,
1358 1975 1423 2006 und
1437 1973 1541 2006 denkt

868 2020 933 2051 wol
965 2020 1114 2060 zugleich
1144 2030 1183 2051 an
1214 2021 1265 2051 die
1291 2020 1425 2062 spiitere
1449 2019 1539 2052 Zeit.

870 2065 934 2097 Das
969 2065 1062 2105 Folg.
1092 2066 1198 2106 zeigt,
1231 2066 1308 2097 dass
1337 2065 1441 2097 neben
1474 2065 1538 2097 den

867 2110 1061 2150 geistlichcn
1085 2112 1167 2142 auch
1191 2111 1243 2142 die
1267 2110 1456 2142 weltlicben
1476 2110 1538 2142 Be-

868 2157 991 2187 biirden
1011 2156 1074 2187 und
1094 2157 1275 2188 besonders
1293 2156 1353 2187 der
1370 2156 1483 2194 Senat,
1508 2165 1536 2188 a.

868 2201 896 2242 5,
917 2202 968 2241 50,
988 2203 1022 2241 δ,
1042 2202 1094 2232 die
1113 2200 1266 2233 Aussicht
1283 2201 1365 2233 iiber
1381 2201 1442 2232 den
1462 2200 1540 2233 Cul-

869 2251 921 2277 tus
940 2247 1064 2278 butten.
1082 2265 1126 2270 —
1141 2250 1280 2290 patrum
1297 2257 1366 2287 mn,
1386 2256 1414 2278 c.
1432 2245 1487 2287 42,
1505 2244 1537 2278 6.

867 2311 909 2314 —
928 2294 1082 2331 ‹ea-terna,
1103 2293 1241 2324 niimlicli
1256 2292 1354 2331 dnnn,
1372 2301 1467 2323 weun
1486 2291 1536 2323 sie

868 2338 927 2368 den
953 2338 1175 2376 gesetzliclwn
1201 2339 1282 2369 riim.
1305 2336 1421 2368 Cultus
1445 2337 1538 2368 stb‘r-

868 2387 939 2419 ten,
964 2384 1044 2413 oder
1067 2388 1162 2414 sonst
1179 2381 1386 2414 verderblich
1411 2391 1536 2422 waren,

868 2428 1206 2466 l’rivutgottcsdienst
1229 2437 1300 2458 war
1328 2426 1473 2467 erlnubt,
1507 2436 1535 2459 s.

868 2473 920 2510 25,
943 2473 976 2510 13
999 2472 1101 2516 Mai-q.
1122 2474 1159 2513 4,
1185 2473 1238 2503 37.
1255 2473 1535 2513 —sacrg's.1·at.‚

866 2529 894 2549 c.
916 2519 951 2557 8,
971 2519 1002 2549 3.
1020 2536 1064 2541 —
1086 2520 1194 2558 circo,
1218 2527 1268 2549 wo
1288 2517 1374 2555 sicli,
1400 2517 1462 2548 wie
1480 2514 1540 2548 auf

867 2563 936 2594 (leni
956 2561 1070 2604 sorum,
1089 2564 1174 2595 viclo
1190 2562 1366 2594 Mense-lien
1386 2571 1533 2594 versenn-

865 2609 986 2640 mellen
1026 2609 1090 2640 und
1133 2607 1391 2640 herumtriobon.
1450 2607 1537 2639 urbe
