1712 2825
208 196 232 235 3
242 196 289 234 10
510 187 751 221 PERIOCHAE
776 186 995 220 LIBRORUM
1021 184 1177 218 CXIIII—
1185 184 1274 218 CXV
1278 184 1315 218 Π.

208 293 451 327 interveniente
475 291 544 322 filio
562 294 756 329 curaretur,
780 289 869 320 inter
886 289 990 330 ipsam
1008 286 1214 319 curationem
1230 286 1375 318 rescisso
1393 286 1531 317 vulnere
1549 295 1608 317 ex-

208 338 333 382 piravit
349 347 432 369 anno
451 335 570 368 aetatis
587 333 734 366 XLVIII.
768 333 921 366 Petreius
939 332 1050 364 Iubam
1066 341 1165 373 seque
1183 329 1363 363 interfecit.
1396 330 1430 362 P.
1448 330 1557 372 Scipio
1574 330 1607 361 in

209 393 293 415 nave
319 383 565 414 circumventus
589 381 747 410 honestae
770 379 869 410 morti
888 388 1001 409 vocem
1018 377 1192 408 honestam
1211 376 1346 408 adiecit:
1372 375 1608 417 quaerentibus

209 428 294 460 enim
317 427 550 468 imperatorem
571 424 723 455 hostibus
747 423 832 454 dixit
856 423 1065 464 „imperator
1088 432 1123 453 se
1146 422 1228 453 bene
1244 421 1381 452 habet“.
1415 420 1558 452 Faustus
1574 424 1609 452 et

207 471 365 504 Afranius
390 470 507 505 occisi;
532 469 666 501 Catonis
691 468 760 500 filio
779 468 874 499 venia
892 468 980 498 data.
1013 466 1134 498 Brutus
1152 467 1281 507 legatus
1299 465 1452 497 Caesaris
1479 465 1510 496 in
1529 463 1608 497 Gal·

208 518 255 549 lia
271 517 466 548 Bellovacos
484 515 685 546 rebellantes
704 513 829 555 proelio
848 513 939 543 vicit.

398 595 461 627 EX
484 593 561 626 LIB.
581 594 672 626 CXV
691 592 764 634 QVI
781 591 862 623 EST
881 591 950 625 CIV
953 591 1032 623 ILIS
1050 589 1175 623 BELLI
1193 589 1415 623 SEPTIMVS.

298 649 422 681 Caesar
439 652 596 690 quattuor
614 647 794 689 triumphos
812 646 917 684 duxit,
936 656 977 677 ex
996 644 1116 679 Gallia,
1134 655 1175 676 ex
1192 644 1357 687 Aegypto,
1375 654 1416 676 ex
1433 644 1551 684 Ponto,
1567 654 1609 676 ex

206 694 338 735 Africa;
365 694 494 736 epulum
519 697 551 723 et
575 692 680 723 omnis
703 691 834 733 generis
853 691 1042 733 spectacula
1061 690 1161 722 dedit.
1194 689 1238 721 M.
1258 689 1421 721 Marcello
1440 689 1609 721 consulari

207 745 325 772 senatu
349 744 487 780 rogante
511 738 653 768 reditum
678 737 865 771 concessit:
892 747 954 777 quo
977 735 1136 767 beneficio
1162 735 1233 766 eius
1251 734 1432 766 Marcellus
1456 733 1523 766 frui
1545 744 1609 765 non

208 785 328 827 potuit,
346 794 375 816 a.
394 784 451 816 Cn.
469 782 578 823 Magio
597 783 719 814 cliente
737 793 795 813 suo
814 781 956 813 Athenis
974 781 1114 813 occisus.
1145 790 1317 812 recensum
1334 780 1412 821 egit,
1431 791 1493 822 quo
1511 789 1611 811 censa

209 845 286 871 sunt
304 840 424 871 civium
443 839 549 881 capita
569 839 632 870 CL.
660 838 894 880 profectusque
912 838 945 868 in
960 837 1147 879 Hispaniam
1164 837 1325 867 adversus
1339 835 1397 867 Cn.
1410 834 1610 878 Pompeium,

208 885 321 916 multis
345 884 509 925 utrimque
535 883 802 925 expeditionibus
826 882 923 914 factis
948 887 980 913 et
1003 882 1130 923 aliquot
1152 881 1290 913 urbibus
1309 881 1505 923 expugnatis
1523 890 1612 912 sum-

209 940 293 961 mam
316 929 493 960 victoriam
518 938 589 959 cum
612 938 728 968 magno
754 927 944 958 discrimine
968 927 1007 958 ad
1025 926 1179 958 Mundam
1201 926 1316 957 urbem
1333 930 1531 957 consecutus
1548 930 1609 957 est.

208 974 382 1016 Pompeius
401 974 477 1005 Sex.
496 973 620 1014 effugit.

402 1041 465 1073 EX
484 1040 560 1073 LIB.
580 1040 686 1073 CXVI
705 1039 778 1082 QVI
794 1039 876 1071 EST
894 1037 1045 1072 CIVILIS
1062 1037 1187 1070 BELLI
1204 1037 1419 1071 OCTAVVS.

300 1094 424 1126 Caesar
443 1106 484 1127 ex
502 1094 661 1137 Hispania
679 1093 827 1135 quintum
844 1093 1043 1135 triumphum
1060 1092 1137 1133 egit.
1171 1096 1203 1124 et
1221 1102 1292 1123 cum
1310 1091 1444 1135 plurimi
1459 1091 1611 1123 maximi·

211 1149 271 1181 que
287 1138 428 1172 honores
447 1150 465 1171 a
484 1145 601 1171 senatu
619 1138 744 1170 decreti
762 1142 891 1179 essent,
910 1139 998 1170 inter
1015 1148 1112 1180 quos,
1130 1142 1166 1168 ut
1183 1147 1302 1179 parens
1319 1136 1447 1179 patriae
1465 1136 1611 1178 appella-

210 1188 305 1215 retur
321 1188 354 1214 et
372 1189 604 1216 sacrosanctus
622 1195 660 1216 ae
677 1184 822 1215 dictator
838 1183 871 1214 in
883 1188 1074 1226 perpetuum
1088 1187 1188 1221 esset,
1205 1182 1348 1214 invidiae
1363 1182 1522 1213 adversus
1537 1191 1610 1213 eum

211 1238 343 1259 causam
361 1230 572 1269 praestitere,
591 1234 624 1260 et
642 1229 726 1271 quod
745 1228 873 1260 senatui
893 1228 1055 1260 deferenti
1072 1229 1131 1259 hos
1149 1228 1303 1263 honores,
1321 1237 1393 1259 cum
1407 1231 1484 1258 ante
1497 1227 1611 1258 aedem

210 1272 351 1304 Veneris
370 1271 560 1305 Genetricis
578 1275 725 1313 sederet,
749 1285 813 1305 non
831 1273 1040 1310 adsurrexit,
1063 1277 1096 1305 et
1111 1273 1194 1315 quod
1211 1283 1231 1303 a
1249 1272 1292 1303 M.
1311 1272 1456 1303 Antonio
1474 1271 1610 1303 consule

211 1317 341 1357 collega
364 1327 422 1347 suo
447 1316 533 1347 inter
551 1317 718 1359 Lupercos
744 1324 900 1350 currente
918 1319 1064 1350 diadema
1084 1318 1183 1360 capiti
1202 1328 1260 1349 suo
1280 1317 1456 1359 inpositum
1474 1317 1507 1348 in
1525 1316 1610 1348 sella

211 1361 369 1403 reposuit,
387 1366 419 1392 et
437 1361 521 1402 quod
539 1360 652 1402 Epidio
667 1363 812 1394 Marullo
831 1368 864 1394 et
878 1363 1031 1395 Caesetio
1046 1363 1150 1395 Flavo
1169 1363 1311 1394 tribunis
1330 1362 1434 1404 plebis
1452 1361 1609 1394 invidiam

211 1406 240 1438 ei
262 1411 426 1447 tamquam
451 1416 586 1445 regnum
609 1405 787 1439 adfectanti
808 1409 1017 1440 moventibus
1040 1412 1189 1449 potestas
1213 1408 1372 1448 abrogata
1397 1412 1459 1438 est.
1492 1416 1534 1438 ex
1558 1406 1609 1438 his

210 1451 320 1482 causis
338 1450 581 1491 conspiratione
600 1450 632 1480 in
650 1460 721 1481 eum
739 1450 836 1488 faeta,
855 1453 946 1484 cuius
965 1453 1072 1495 capita
1086 1451 1219 1483 fuerunt
1234 1452 1276 1483 M.
1293 1453 1413 1483 Brutus
1432 1457 1465 1483 et
1479 1451 1512 1482 C.
1529 1450 1610 1483 Cas-

210 1496 279 1527 sius
303 1499 335 1526 et
353 1505 392 1526 ex
411 1495 565 1526 Caesaris
583 1494 732 1536 partibus
747 1496 822 1526 Dec.
844 1498 963 1530 Brutus
982 1503 1014 1529 et
1034 1498 1068 1529 C.
1090 1497 1293 1533 Trebonius,
1319 1498 1349 1528 in
1368 1497 1498 1539 Pompei
1517 1496 1610 1528 curia

211 1541 339 1572 occisus
363 1544 415 1571 est
433 1538 541 1570 xxm
566 1539 775 1577 vulneribus,
800 1548 1053 1584 occupatumque
1078 1543 1118 1573 ab
1136 1542 1408 1573 interfectoribus
1426 1542 1497 1573 eius
1515 1541 1611 1584 Capi-

213 1586 338 1617 tolium.
373 1585 541 1615 oblivione
558 1584 675 1614 deinde
694 1583 803 1614 caedis
822 1586 891 1617 eius
909 1596 927 1617 a
945 1592 1060 1619 senatu
1077 1588 1228 1623 ‹leci-eta,
1252 1587 1419 1619 obsidibus
1437 1586 1561 1618 Antoni
1577 1591 1611 1618 et

211 1629 325 1671 Lepidi
361 1630 477 1661 liberis
506 1628 651 1670 acceptis
682 1628 846 1659 coniurati
876 1639 893 1659 a
921 1631 1084 1673 Capitolio
1113 1633 1363 1664 descenderunt.
1409 1636 1609 1663 testamento

211 1675 363 1706 Caesaris
380 1675 477 1705 heres
496 1685 535 1705 ex
555 1678 650 1714 parte
667 1673 799 1703 dimidia
819 1673 990 1705 institutus
1009 1676 1043 1707 C.
1061 1677 1232 1713 Octavius,
1250 1677 1379 1708 sororis
1399 1686 1510 1719 nepos,
1527 1681 1560 1708 et
1578 1676 1610 1708 in

212 1729 327 1750 nomen
351 1720 526 1761 adoptatus
551 1723 612 1749 cst.
648 1717 802 1748 Caesaris
827 1728 945 1759 eorpus
970 1729 1040 1749 cum
1064 1721 1095 1751 in
1114 1732 1258 1764 eainpnm
1279 1722 1433 1753 Martium
1453 1720 1610 1760 ferretur,

211 1774 228 1794 a
248 1763 340 1805 plebe
358 1769 434 1795 ante
453 1768 564 1794 rostra
584 1767 762 1794 crematum
780 1767 841 1793 est.
874 1763 1060 1794 dictaturae
1078 1765 1179 1796 honos
1199 1767 1228 1797 in
1249 1772 1439 1809 perpetuum
1457 1766 1609 1798 sublatus

213 1813 274 1839 est.
309 1809 344 1839 C.
370 1809 537 1846 Arruntius,
560 1807 762 1839 humillimae
786 1808 889 1838 sortis
914 1808 1025 1847 homo,
1049 1809 1101 1850 qui
1125 1819 1160 1839 se
1177 1811 1200 1842 C
1233 1811 1316 1843 Mari
1342 1812 1444 1843 filium
1470 1810 1608 1851 screbat,

213 1863 283 1884 cum
302 1854 384 1894 apud
405 1853 571 1884 credulam
589 1853 714 1895 plebem
733 1852 913 1883 seditiones
932 1858 1092 1887 moveret,
1113 1859 1245 1886 necatus
1264 1861 1323 1888 est.

761 1932 817 1963 m
841 1932 915 1963 Lm.
934 1932 1063 1964 CX‘Yll.

305 1986 338 2016 C.
363 1986 522 2017 Octavius
549 1986 681 2016 Romam
711 1997 750 2016 ex
776 1986 876 2027 Epiro
906 1987 996 2017 venit
1019 2004 1063 2009 -—
1085 1997 1122 2016 eo
1146 1986 1230 2017 enim
1256 1987 1346 2018 illum
1370 1990 1492 2020 Cacsar
1514 1997 1609 2030 prae-

214 2031 360 2067 miserat,
380 2031 499 2060 bellum
521 2031 549 2060 in
571 2030 759 2061 Macedonia
779 2036 935 2070 gesturus
952 2049 1005 2067 —-‚
1025 2031 1248 2070 ominibusque
1268 2032 1436 2072 prosperis
1453 2037 1608 2075 exceptus

212 2076 267 2115 [et]
295 2086 408 2105 nomen
429 2075 581 2105 Caesaris
606 2076 753 2116 sumpsit.
789 2076 817 2105 in
843 2075 1034 2106 eonl'nsione
1059 2085 1167 2105 rernm
1191 2085 1227 2105 ae
1247 2075 1386 2106 luunultu
1406 2075 1448 2107 Μ.
1470 2076 1608 2119 Lepidus

213 2120 436 2161 pontificatum
462 2119 634 2149 nuuinnnn
661 2119 846 2160 intercepit.
880 2124 908 2149 et
938 2118 978 2149 Μ.
999 2118 1162 2149 Antonius
1187 2120 1300 2150 consul
1327 2131 1398 2151 cum
1423 2121 1609 2163 inpotenter

212 2164 438 2195 dominaretur
463 2164 629 2205 legemque
653 2164 691 2193 ‹le
717 2164 957 2205 permutatione
982 2164 1227 2205 provinciarum
1253 2175 1309 2205 per
1333 2165 1400 2196 vim
1424 2166 1559 2198 tulisset
1576 2172 1610 2199 ot

215 2208 389 2240 Caesarem
409 2219 534 2250 quoque
553 2213 732 2250 petentem,
752 2213 782 2238 nl
805 2209 865 2239 sihi
885 2210 1044 2240 :nivei-sus
1064 2220 1276 2251 percussores
1295 2210 1448 2241 avunculi
1466 2211 1609 2250 adesset,

210 2254 336 2292 magnis
361 2254 490 2284 iniuriis
517 2253 710 2286 adfecisset.
737 2255 860 2284 Caesar
883 2259 910 2284 el
938 2254 999 2284 sihi
1026 2259 1054 2284 el
1084 2254 1130 2285 rei
1155 2254 1303 2296 publicae
1327 2255 1415 2286 vires
1433 2255 1607 2287 adversum

210 2308 281 2328 eum
311 2303 487 2339 paraturus
511 2298 668 2328 deductos
694 2299 722 2328 in
750 2299 896 2329 colonias
917 2304 1091 2330 xeleranos
1110 2299 1279 2331 excitavit.
1317 2300 1463 2338 legiones
1481 2311 1608 2343 quoquo

209 2347 325 2384 quarta
352 2348 384 2373 et
405 2342 521 2373 Martia
550 2343 640 2381 signa
665 2343 704 2373 ab
726 2343 865 2373 Antonin
891 2345 928 2374 ad
949 2345 1123 2374 Caesarem
1150 2345 1315 2379 talei-unm
1340 2344 1455 2375 deinde
1478 2349 1511 2376 ct
1528 2355 1608 2376 eon-

211 2387 322 2428 plnres
341 2388 480 2418 saevitia
504 2387 542 2418 Μ,
559 2388 692 2420 Antoni.
712 2389 828 2429 passim
849 2389 877 2418 iu
897 2389 1017 2419 eastris
1036 2390 1104 2419 suis
1123 2389 1330 2422 trucidanlis,
1348 2390 1400 2430 qui
1417 2389 1445 2420 ei
1461 2390 1607 2431 suspecti

208 2436 320 2467 erant,
344 2432 381 2462 ad
401 2434 574 2463 Caesarem
600 2433 824 2463 desciverunt.
861 2434 936 2464 llce.
957 2434 1092 2468 lli-ulus,
1118 2438 1151 2464 nt,
1170 2434 1291 2475 pelenti
1310 2433 1507 2475 Cisalpinam
1526 2432 1607 2466 Gal-

209 2475 283 2506 liam
305 2475 448 2507 Antonin
472 2477 668 2512 obsisteret,
695 2476 850 2508 Mutinam
875 2490 944 2509 enm
964 2479 1112 2509 exercitu
1132 2479 1313 2520 occupavit.
1348 2483 1520 2520 praeterea
1538 2477 1606 2509 dis·

205 2530 338 2593 ¹enm-mm
366 2522 535 2563 utriusque
559 2522 664 2562 partis
692 2523 836 2554 virorum
862 2524 899 2553 ad
924 2523 1129 2564 accipiendas
1154 2523 1340 2564 provincias
1365 2527 1605 2564 apparatusque

217 2565 284 2595 ‚olli
304 2566 460 2597 continet.
