1638 2825
88 198 117 226 a.
137 190 192 218 ch.
212 190 274 216 187.
523 178 651 212 LIBER
667 178 835 211 XXXIX.
881 177 972 210 CAP.
990 178 1024 211 4.
1474 181 1499 220 7

89 281 329 337 provinciam
350 280 402 321 ita
423 280 496 320 sibi
518 281 737 328 mandasse,
758 280 813 320 uti
829 293 872 319 ea
889 280 1116 332 disceptatio
1134 281 1282 331 integra
1297 281 1337 333 in
1353 282 1499 321 adven-

88 346 172 381 tum
193 350 310 378 suum
331 342 561 377 servaretur.
597 337 775 377 Fulvium
797 337 987 388 temporis
1010 336 1196 376 iacturam
1217 338 1359 386 facere,
1381 350 1499 378 sena—

88 401 170 443 tum
197 395 311 435 etiam
338 399 542 446 praesente
556 394 730 434 vconsule
750 394 855 445 quod
876 394 987 433 vellet
1007 394 1263 433 decreturum.
1304 402 1384 434 tum
1404 395 1498 435 Ful-

88 452 191 492 vius:
222 451 256 490 si
282 456 348 490 aut
374 451 551 490 simultas
574 450 623 489 M.
645 450 796 489 Aemilii
823 463 958 489 secum
984 450 1115 502 ignota
1136 450 1360 490 hominibus
1383 456 1498 500 esset,

88 513 156 549 aut
178 520 293 560 quam
316 507 349 546 is
369 520 433 547 eas
455 507 673 547 inimicitias
694 507 885 559 inpotenti
902 520 946 546 ac
961 519 1086 558 prope
1101 507 1204 558 regia
1220 507 1276 546 ira
1291 513 1498 555 exerceret,

85 570 217 605 tamen
241 575 324 603 non
348 564 471 604 fuisse
489 564 712 610 ferendum,
741 563 939 604 absentem
969 564 1171 603 consulem
1193 569 1230 603 et
1250 564 1413 603 deorum
1435 565 1497 603 in-

85 620 309 661 mortalium
341 621 485 660 honori
517 620 672 660 obstare
703 625 741 659 et
767 620 947 659 meritum
977 620 1227 672 debitumque
1252 620 1497 672 triumphum

87 677 245 726 morari,
266 677 542 729 imperatorem
566 677 684 716 rebus
702 677 852 728 egregie
869 677 987 728 gestis
1003 677 1268 728 victoremque
1286 677 1498 716 exercitum

87 746 175 774 cum
202 734 345 785 praeda
371 740 410 774 et
429 733 590 786 captivis
612 739 700 773 ante
720 739 853 785 portas
877 739 999 781 stare,
1032 734 1157 773 donec
1177 733 1327 774 consuli
1350 733 1400 772 ob
1422 734 1500 773 hoc

87 791 217 842 ipsum
254 790 421 830 moranti
455 790 581 830 redire
606 790 774 829 Romam
798 790 949 829 libitum
976 796 1092 830 esset.
1138 803 1272 830 verum
1298 790 1497 830 enimvero

87 859 176 888 cum
201 846 280 886 sint
307 846 573 886 nobilissimae
601 846 674 885 sibi
698 859 784 886 cum
808 847 968 886 consule
988 847 1228 895 inimicitiae,
1260 847 1351 899 quid
1373 847 1419 886 ab
1450 859 1496 886 eo

86 915 322 956 quemquam
342 916 463 956 posse
484 903 595 955 aequi
617 908 835 955 expectare,
866 903 931 954 qui
952 916 1021 955 per
1042 904 1339 955 infrequentiam
1361 903 1496 943 furtim

84 964 242 1000 senatus
265 960 486 1000 consultum
506 960 650 999 factum
672 960 718 1000 ad
743 960 934 1000 aerarium
957 960 1138 999 detulerit
1154 961 1399 1000 Ambraciam
1414 972 1496 999 non

84 1016 205 1056 videri
224 1016 260 1056 vi
280 1022 445 1069 captam,
468 1030 566 1069 quae
587 1029 725 1068 aggere
747 1029 791 1056 ac
812 1016 931 1056 vineis
954 1017 1179 1069 obpugnata
1195 1017 1258 1065 sit,
1279 1017 1345 1057 ubi
1361 1017 1497 1056 incen-

91 1072 146 1113 sis
180 1074 365 1125 operibus
401 1074 472 1114 alia
507 1074 553 1113 de
585 1074 736 1125 integro
767 1074 867 1113 facta
895 1074 983 1121 sint,
1011 1073 1074 1113 ubi
1097 1074 1196 1113 circa
1221 1087 1357 1114 muros
1379 1086 1499 1124 supra

85 1129 296 1180 subterque
329 1135 472 1169 terram
499 1142 569 1180 per
597 1130 677 1168 dies
706 1130 929 1180 quindecim
956 1135 1192 1181 pugnatum,
1228 1131 1293 1170 ubi
1323 1143 1344 1170 a
1371 1130 1498 1181 prima

85 1185 183 1232 luce,
205 1197 291 1225 cum
314 1186 389 1225 iam
410 1185 719 1225 transcendisset
738 1198 874 1225 muros
895 1186 1017 1232 miles,
1039 1199 1165 1237 usque
1186 1187 1231 1225 ad
1254 1192 1411 1226 noctem
1434 1186 1499 1226 diu

87 1252 228 1293 anceps
249 1242 441 1293 proelium
463 1242 644 1287 tenuerit,
667 1241 733 1281 ubi
755 1243 841 1293 plus
864 1242 934 1282 tria
956 1243 1060 1282 milia
1082 1243 1255 1282 hostium
1278 1243 1355 1282 sint
1377 1255 1497 1282 caesa.

87 1298 164 1338 iam
194 1298 241 1337 de
261 1298 423 1337 deorum
444 1298 707 1337 inmortalium
729 1299 883 1350 templis
900 1299 1076 1350 spoliatis
1097 1299 1137 1338 in
1159 1305 1268 1350 capta
1287 1299 1384 1339 urbe
1401 1311 1499 1350 qua-

88 1434 260 1478 temporis,
278 1443 340 1464 nur
357 1431 444 1472 Zeit,
464 1432 516 1472 36,
534 1432 586 1474 40,
606 1433 643 1464 5:
661 1444 759 1465 senes

85 1488 288 1522 puerosque.
305 1496 346 1500 —
372 1480 444 1510 tum
467 1478 512 1510 ist
533 1479 759 1510 wahrschein-

87 1523 152 1556 lich
165 1522 382 1564 ausgefallen.
396 1541 441 1546 —
454 1523 623 1564 simultas,
639 1534 664 1556 s.
674 1524 761 1555 Lan-

87 1578 128 1610 ge
145 1568 177 1608 2,
195 1568 271 1601 207.
289 1587 333 1591 —
349 1579 449 1611 quam.
467 1573 549 1609 etc.‚
569 1569 657 1601 nicht
675 1570 758 1601 ohne

87 1613 192 1646 Harte
213 1625 277 1645 von
299 1616 479 1657 impotenti
498 1619 674 1655 getrennt,
699 1615 759 1646 der

88 1659 169 1691 Satz
187 1669 250 1691 von
268 1659 374 1691 einem
393 1670 434 1690 zu
451 1659 645 1691 denkenden
659 1662 757 1702 igno-

90 1706 163 1736 tum
179 1707 268 1736 esset
284 1704 463 1744 abh'tingig,
484 1705 550 1743 vgl.
570 1704 629 1744 38,
648 1705 708 1743 57,
727 1704 758 1736 8.

89 1765 134 1772 —-
153 1758 262 1792 prope
284 1758 374 1789 reg„
399 1758 424 1779 s.
446 1748 674 1787 Naegelsbach
693 1750 759 1781 Sti-

88 1792 157 1825 list.
181 1792 202 1835 ξ
229 1793 289 1824 117
315 1793 350 1824 S.
374 1792 450 1824 327.
497 1793 564 1824 Der
591 1794 669 1824 Sinn
699 1795 760 1826 ist:

87 1838 170 1870 auch
189 1848 282 1869 wenn
302 1848 373 1869 man
393 1843 633 1870 voraussetzen
652 1837 758 1879 diirfe,

87 1883 165 1915 dass
179 1883 269 1914 nicht
282 1881 503 1923 Feindschnst‚
523 1885 665 1915 sondern
683 1884 759 1916 bes-

88 1938 164 1960 sere
178 1927 303 1960 Motive
319 1928 370 1959 ihu
386 1928 606 1961 bestimmten.
622 1947 665 1952 —
679 1932 758 1962 ante

87 1983 120 2017 p.
137 1976 195 2013 st„
213 1973 267 2013 37,
285 1973 337 2012 58,
356 1974 387 2005 6.

133 2017 234 2050 8-10.
250 2029 367 2051 verum
382 2021 513 2059 enimin,
528 2019 617 2059 ³29,
633 2019 662 2061 S,
673 2020 701 2051 7.
713 2037 757 2042 —

86 2064 255 2105 nobiliss„
274 2064 334 2104 40,
352 2064 411 2104 45,
436 2064 473 2104 7;
499 2064 559 2105 27,
584 2064 644 2105 35,
664 2065 694 2096 6.
713 2083 758 2089 -

87 2109 169 2152 quid
184 2113 264 2149 etc„
288 2119 324 2140 so
349 2109 436 2140 lasse
461 2110 528 2141 sich
554 2110 605 2141 ein
626 2110 756 2151 billiges

86 2152 274 2188 Vei-fabren
300 2154 388 2186 nicht
412 2160 597 2195 erwarten,
627 2157 667 2187 (la
698 2157 757 2188 der

88 2197 210 2232 Consul
227 2200 328 2231 schon
347 2201 446 2232 durch
461 2201 512 2232 die
526 2200 611 2232 That
624 2202 759 2241 gezeigt

88 2243 171 2277 habe
189 2255 220 2277 u.
238 2255 266 2277 s.
283 2255 326 2276 w,
343 2263 387 2269 —-
403 2256 464 2288 per
477 2247 616 2288 ιἠ,[ι·οι].,
635 2248 686 2288 ΒΝ,
705 2247 760 2289 4-1,

88 2288 122 2322 6.
145 2291 357 2332 —sur-tc'm,
383 2291 449 2323 Cic.
474 2292 542 2324 Ait.
570 2292 625 2330 10,
656 2293 693 2330 4,
721 2292 758 2324 9:

87 2345 133 2368 ex
147 2339 287 2368 senatus
300 2337 450 2368 consulto
468 2340 638 2380 surrepto.
656 2355 700 2360 —
717 2337 762 2370 acl

89 2390 201 2413 aerar.
221 2381 340 2421 delui„
360 2382 422 2413 wie
441 2381 555 2414 sriiher
573 2383 602 2413 in
621 2384 683 2414 ‹lcn
700 2383 760 2416 Ce-

89 2427 286 2469 restempel,
305 2437 332 2458 s.
352 2426 388 2467 3,
407 2428 466 2467 55,
488 2427 544 2466 13,
565 2439 601 2459 so
621 2429 757 2460 wurdcn

89 2471 203 2513 spiiter
228 2471 389 2511 Gcsetzc,
420 2483 445 2504 s.
476 2473 585 2505 Schol.
613 2474 689 2506 Bob.
718 2485 758 2505 zu

89 2515 156 2549 Cic.
173 2516 261 2548 Sest.
280 2517 333 2557 64,
351 2529 380 2560 p.
402 2518 481 2549 310:
501 2519 593 2560 leges
611 2521 643 2551 in
662 2530 761 2552 aera-

90 2563 142 2594 rio
170 2561 415 2603 condebantur,
442 2564 760 2596 senatsbcschliisse

91 2606 157 2638 und
173 2607 296 2640 andere
320 2609 508 2641 iiffcntliche
528 2609 703 2643 Urkundcn
728 2611 760 2642 in

825 1434 898 1465 dem
927 1433 1092 1465 aerarium
1121 1443 1173 1465 am
1197 1433 1500 1476 Saturnustempel‚

824 1479 967 1511 welches
1001 1479 1151 1519 zugleich
1181 1479 1240 1510 das
1269 1478 1501 1511 Staatsarchiv

824 1525 952 1564 wurde,
971 1524 1215 1565 niedergelegt,
1233 1524 1344 1564 Lange
1363 1525 1393 1564 2,
1414 1523 1500 1564 3643

825 1571 884 1601 der
915 1569 1024 1601 Punkt
1052 1570 1097 1601 ist
1125 1569 1262 1601 deshalb
1291 1571 1414 1610 gerade
1444 1580 1500 1602 er-

825 1616 947 1655 w'ahnt,
961 1615 1037 1646 weil
1052 1614 1429 1647 dieSenatsbeschliisse
1445 1616 1502 1647 da-

825 1661 943 1700 durch,
976 1661 1052 1692 dass
1085 1660 1133 1691 sie
1166 1661 1241 1691 dort
1270 1660 1502 1701 niedergelegt

825 1706 975 1744 wurden,
990 1710 1061 1737 erst
1074 1705 1362 1746 vollthiltigkeit
1375 1706 1500 1737 erhiel-

828 1756 892 1792 ten,
907 1750 1119 1783 s.Tac.Ann.
1135 1751 1166 1789 3,
1184 1751 1315 1792 51313‚
1329 1750 1388 1791 283
1405 1751 1500 1783 Suet.

827 1796 922 1827 Caes.
947 1795 1007 1833 28;
1034 1797 1118 1835 Aug.
1144 1796 1197 1827 94.
1221 1813 1268 1819 —
1289 1807 1397 1839 supra
1415 1809 1444 1828 s.
1464 1800 1498 1839 t.‚

826 1840 879 1881 38,
898 1840 952 1878 39,
974 1841 1030 1879 173
1052 1840 1104 1879 25,
1123 1841 1153 1879 5,
1172 1840 1192 1870 6
1210 1851 1241 1871 u.
1260 1851 1300 1880 a.,
1319 1851 1380 1872 zur
1394 1842 1500 1873 Sacbe

826 1885 880 1925 35,
895 1884 914 1915 6
924 1885 1037 1917 ss'.-—a
1050 1885 1286 1928 pr·1'mal.etc.‚
1301 1887 1351 1918 ein
1367 1887 1501 1918 solcher

825 1929 945 1972 Iiainpf
971 1931 1015 1962 ist
1044 1930 1102 1968 38,
1135 1931 1170 1970 9,
1201 1940 1252 1961 wo
1276 1930 1314 1962 L.
1338 1931 1499 1975 Polybius

824 1974 918 2016 folgt,
934 1975 1020 2007 nicht
1034 1976 1341 2018 erwiihntworden,
1355 1978 1499 2009 sondern

825 2021 876 2052 (lie
893 2021 988 2052 stadt
1006 2021 1061 2053 hat
1079 2022 1146 2052 sich
1166 2022 1245 2052 nach
1266 2022 1422 2061 liingerer
1437 2023 1499 2054 Be-

825 2066 984 2106 lagerung
997 2067 1069 2097 dein
1085 2066 1209 2098 Consul
1224 2067 1389 2107 ergeben3
1405 2079 1441 2099 es
1455 2068 1501 2100 ist

824 2111 915 2143 viell.
939 2113 989 2143 ein
1010 2111 1300 2153 lianipl'wiihrend
1325 2113 1384 2144 der
1403 2113 1499 2145 Bela-

824 2168 951 2197 gerung
979 2158 1141 2198 genicint,
1171 2158 1232 2188 «len
1262 2159 1343 2189 auch
1374 2158 1499 2190 Ennius

824 2203 943 2234 Annal.
983 2202 1047 2234 XV
1087 2203 1291 2243 gescliildert
1326 2215 1366 2235 zu
1396 2204 1499 2235 haben

825 2249 969 2289 sclwint,
993 2259 1020 2279 s.
1047 2247 1194 2279 Priscian
1221 2248 1256 2287 6,
1282 2249 1339 2290 95,
1366 2260 1395 2291 p.
1418 2249 1499 2280 725:

826 2295 1029 2326 oltcmubunt
1041 2293 1435 2337 mulli[cluniserroque
1453 2295 1501 2325 Ια-

822 2341 920 2383 pique
939 2341 1010 2371 Aut
1042 2341 1134 2371 incra
1165 2350 1284 2371 muros
1309 2343 1368 2371 (ml
1397 2342 1500 2371 arira

825 2386 981 2428 praecipe
998 2395 1090 2422 casn,
1110 2385 1176 2425 vgl.
1194 2385 1338 2417 Mai-rol).
1358 2385 1388 2419 (ἱ,
1409 2386 1440 2423 3,
1460 2384 1498 2424 3;

827 2430 1045 2462 Brandstiitcr
1083 2431 1135 2462 die
1170 2430 1290 2461 Ges-ch.
1326 2431 1383 2461 des
1417 2429 1498 2462 iitol.

826 2475 955 2507 Laudes
973 2476 1050 2507 4713.

875 2521 1004 2552 11-13.
1033 2520 1496 2563 imn,›¹o‚s,1·1;2:3‚5,15;

827 2566 882 2604 31,
905 2566 954 2604 12,
976 2567 1005 2597 (¹1.
1024 2584 1066 2589 ‘—
1085 2568 1116 2597 in
1136 2569 1280 2608 raplau.
1301 2567 1355 2604 ist,
1374 2568 1436 2598 wie
1456 2567 1497 2599 im

827 2611 923 2652 Folg.
940 2612 1021 2643 noch
1037 2610 1200 2651 zwcimal,
1213 2611 1498 2645 absichtlichher-

1529 1139 1570 1173 10

1529 1310 1569 1344 11
