1712 2825
541 189 597 222 Ex
624 190 693 222 lib.
719 189 1121 224 LXXVII—LXXXXI.
1454 195 1536 233 277

127 293 342 332 secundum
365 292 572 344 oppidum,
602 292 707 344 quod
729 293 860 332 Castra
881 293 986 332 Aelia
1007 300 1185 341 vocatur,
1215 297 1423 336 aedificatis
1452 296 1533 348 ipse

126 350 166 387 in
188 349 323 388 castris
351 349 551 396 manebat,
579 349 750 388 interdiu
770 354 1005 389 conventum
1036 351 1231 390 sociarum
1254 353 1466 392 civitatium
1496 353 1536 391 in

127 406 268 457 oppido
296 405 443 456 agebat.
485 418 592 444 arma
622 411 665 444 ut
689 406 827 445 fierent
847 418 917 456 pro
939 406 1059 456 copiis
1080 408 1267 458 cuiusque
1286 410 1441 460 populi,
1468 421 1538 459 per

124 466 248 500 totam
269 461 509 512 provinciam
531 462 722 509 edixerat,
745 462 884 514 quibus
908 462 1093 513 inspectis
1114 464 1257 502 referre
1280 472 1409 504 vetera
1429 477 1536 504 arma

125 518 267 557 milites
289 517 419 563 iussit,
443 530 541 569 quae
564 523 630 557 aut
651 518 852 557 itineribus
874 518 1020 557 crebris
1041 525 1108 557 aut
1130 521 1484 570 oppuynacionibus
1504 528 1537 559 ec

120 574 283 625 proeliis
303 573 457 612 inutilia
477 574 578 613 facta
598 579 730 622 erant,
761 587 938 626 novaque
968 575 1013 613 iis
1034 587 1104 626 per
1125 577 1371 617 centuriones
1395 578 1543 616 divisit:

124 631 342 682 equitatum
363 643 521 681 quoque
541 631 650 670 novis
672 631 857 670 instruxit
878 631 1015 677 armis,
1039 631 1349 684 vestimentaque
1371 646 1535 685 praepa—

124 693 206 726 rata
227 691 316 725 ante
338 687 456 725 divisa
479 692 516 725 et
535 687 771 738 stipendium
796 688 943 727 datum.
984 688 1134 735 fabros,
1168 701 1258 728 cura
1281 690 1534 741 conquisitOS,

125 743 297 795 undique
318 744 529 791 exciverat,
559 743 699 795 quibus
722 744 875 782 officina
895 744 1047 795 publica
1066 744 1236 784 instituta
1257 752 1429 785 uteretur
1442 777 1450 792 ,
1472 758 1535 784 ra-

126 800 231 838 tione
260 800 374 846 inita,
416 800 508 851 quid
535 800 576 838 in
602 800 774 851 singulos
804 801 884 838 dies
914 801 1015 839 effici
1043 807 1187 852 posset.
1243 803 1375 853 itaque
1405 803 1535 841 omnia

126 856 244 895 simul
268 856 530 895 instrumenta
556 855 646 894 belli
673 857 929 907 parabantur,
965 868 1093 908 neque
1129 859 1290 897 materia
1327 859 1536 898 artificibus

124 913 360 964 praeparatis
390 917 478 951 ante
501 912 682 951 omnibus
713 913 823 952 enixo
847 913 1058 952 civitatium
1088 914 1213 953 studio
1242 927 1312 953 nec
1335 927 1406 953 suo
1429 915 1536 965 quis—

128 981 202 1020 que
225 968 334 1020 operi
354 968 490 1008 artifex
512 969 654 1007 deerat.
699 970 919 1008 convocatis
941 970 1078 1008 deinde
1101 971 1277 1010 omnium
1299 972 1536 1022 populorum

126 1025 379 1076 legationibus
397 1030 435 1064 et
450 1025 675 1072 civitatium,
698 1026 838 1076 gratias
856 1026 943 1077 egit,
963 1026 1079 1078 quod,
1099 1039 1196 1078 quae
1213 1028 1386 1078 inperata
1404 1033 1537 1066 essent

125 1082 163 1119 in
179 1082 381 1132 pedestres
403 1083 551 1132 copias,
577 1082 860 1133 praestitissent
869 1095 880 1129 ,·
912 1095 1006 1134 quas
1034 1083 1116 1134 ipse
1137 1095 1198 1122 res
1227 1086 1268 1122 in
1290 1083 1536 1135 defendendis

123 1140 246 1183 sociis,
268 1150 440 1189 quasque
462 1138 502 1176 in
524 1138 791 1189 oppugnandis
816 1139 974 1178 urbibus
996 1140 1169 1178 hostium
1191 1140 1384 1190 gessisset,
1410 1152 1532 1190 expo-

125 1194 203 1233 suit
224 1200 262 1232 et
284 1195 328 1232 ad
358 1194 507 1245 reliqua
535 1194 622 1233 belli
645 1195 870 1234 cohortatus
892 1200 951 1234 est
979 1195 1110 1246 paucis
1132 1196 1311 1241 edoctos,
1343 1201 1533 1246 quantum

125 1250 331 1302 Hispaniae
367 1251 585 1302 provinciae
622 1251 847 1298 interesset,
887 1264 976 1290 suas
1011 1257 1140 1302 partes
1177 1251 1398 1301 superiores
1433 1264 1532 1290 esse.

127 1307 287 1346 dimisso
310 1307 447 1346 deinde
469 1312 662 1346 conventu
690 1307 880 1358 iussisque
903 1308 1084 1346 omnibus
1107 1307 1202 1346 bono
1226 1309 1354 1346 animo
1377 1319 1452 1346 esse
1475 1315 1535 1346 at-

125 1375 195 1414 que
215 1363 254 1401 in
270 1363 444 1402 civitates
464 1364 588 1402 redire
605 1376 706 1409 suas,
729 1364 918 1415 principio
936 1364 1034 1401 veris
1050 1364 1098 1401 M.
1118 1363 1354 1413 Perpernam
1370 1376 1459 1402 cum
1479 1364 1535 1401 vi-

125 1419 223 1470 ginti
244 1419 400 1458 milibus
420 1419 609 1470 peditum,
633 1420 829 1471 equitibus
850 1420 954 1457 mille
977 1419 1207 1469 quingentiS,
1232 1419 1271 1457 in
1292 1420 1535 1458 Ilercaonum

124 1480 279 1527 gentem
306 1476 413 1514 misit
441 1476 487 1514 ad
517 1476 700 1514 tuendam
730 1476 897 1527 regionis
927 1476 1008 1513 eius
1038 1475 1272 1514 maritimam
1296 1488 1405 1514 oram
1434 1476 1534 1515 datis

126 1532 355 1584 praeceptis,
375 1532 514 1583 quibus
530 1532 732 1571 itineribus
745 1533 903 1571 duceret
919 1531 965 1568 ad
983 1531 1245 1570 defendendas
1262 1532 1386 1571 socias
1403 1532 1533 1579 urbes,

125 1601 221 1639 quas
243 1589 452 1640 Pompeius
474 1595 732 1640 oppugnaret,
758 1588 974 1638 quibusque,
996 1587 1124 1637 ipsum
1146 1600 1281 1638 agmen
1305 1588 1467 1639 Pompei
1488 1601 1534 1627 ex

130 1645 278 1684 insidiis
300 1645 586 1695 adgrederetur.

238 1702 383 1740 Eodem
412 1708 588 1752 tempore
618 1706 655 1739 et
683 1700 728 1738 ad
764 1699 1085 1745 Herennuleium,
1123 1699 1185 1750 qui
1215 1700 1251 1738 in
1288 1700 1410 1738 isdem
1440 1700 1532 1739 locis

125 1763 224 1803 erat,
256 1758 400 1796 litteras
429 1758 534 1796 misit
561 1763 600 1795 et
627 1757 666 1794 in
695 1756 853 1794 alteram
884 1756 1122 1806 provinciam
1151 1756 1196 1794 ad
1220 1756 1261 1794 L.
1285 1756 1531 1803 Hirtuleium,

126 1814 385 1865 praecipiens,
415 1826 529 1863 quem
561 1812 606 1850 ad
634 1812 795 1850 modum
827 1812 971 1850 bellum
999 1812 1260 1851 administrari
1281 1813 1411 1851 vellet:
1444 1819 1531 1851 ante

126 1870 267 1916 omnia,
291 1876 333 1908 ut
354 1870 404 1908 ita
427 1869 549 1907 socias
567 1868 738 1906 civitates
758 1874 946 1913 tueretur,
969 1880 1016 1905 ne
1038 1869 1117 1906 acie
1135 1881 1223 1906 eum
1241 1868 1393 1907 Metello
1415 1868 1533 1907 dimi-

125 1931 248 1970 caret,
272 1927 331 1964 cui
354 1937 425 1963 nec
446 1924 672 1964 auctoritate
695 1936 765 1963 nec
787 1924 931 1962 viribus
959 1936 1028 1974 par
1049 1931 1163 1963 esset.
1212 1937 1259 1962 ne
1283 1925 1352 1976 ipsi
1375 1925 1532 1976 quidem

125 1983 329 2021 consilium
367 1994 449 2019 esse
492 1981 631 2019 ducere
669 1981 854 2019 adversus
888 1980 1138 2030 Pompeium,
1176 1994 1301 2032 neque
1337 1982 1376 2019 in
1411 1981 1531 2020 aciem

125 2040 404 2078 descensurum
433 2050 523 2076 eum
556 2037 753 2075 credebat:
791 2037 823 2075 si
853 2038 1072 2075 traheretur
1102 2037 1262 2082 bellum,
1295 2038 1414 2083 hosti,
1443 2050 1532 2076 cum

127 2108 231 2134 mare
247 2096 293 2133 ab
316 2100 423 2144 tergo
447 2093 738 2145 provinciasque
758 2105 893 2131 omnes
915 2094 950 2131 in
971 2100 1160 2144 potestate
1179 2094 1349 2140 liaberet,
1372 2094 1532 2132 navibus

126 2151 295 2202 undique
332 2156 574 2189 commeatus
613 2156 815 2195 venturos,
862 2150 934 2201 ipsi
963 2157 1094 2189 autem
1133 2151 1375 2201 consumptis
1406 2151 1532 2201 priore

126 2212 289 2252 aestate,
314 2218 411 2256 quae
433 2211 655 2257 praeparata
677 2207 860 2253 fuissent,
894 2207 1070 2245 omnium
1093 2219 1222 2246 rerum
1246 2207 1415 2257 inopiam
1437 2206 1533 2244 sore.

126 2264 361 2314 Perpernam
387 2263 422 2300 in
445 2263 678 2301 maritimam
710 2263 906 2313 regionem
935 2264 1245 2314 superpositum,
1278 2270 1319 2300 ut
1341 2275 1404 2305 ea,
1433 2274 1531 2312 quae

127 2321 271 2370 integra
293 2319 417 2357 adhuc
434 2318 479 2356 ab
503 2319 613 2356 hoste
631 2319 720 2364 sint,
745 2319 842 2356 tueri
865 2320 998 2369 possit,
1021 2327 1071 2365 et,
1095 2320 1216 2369 siqua
1240 2318 1388 2356 occasio
1406 2318 1532 2363 detur,

128 2376 301 2414 incautos
332 2387 400 2425 per
430 2380 583 2425 tempus
611 2375 899 2425 adgressurum.
956 2376 1037 2426 ipse,
1069 2388 1156 2413 eum
1187 2387 1257 2412 suo
1288 2373 1456 2412 exercitu
1495 2374 1531 2411 in

128 2433 297 2471 Berones
319 2437 355 2469 et
377 2430 605 2470 Autricones
635 2431 810 2481 progredi
833 2432 986 2473 statuit:
1016 2446 1034 2469 a
1058 2431 1197 2482 quibus
1219 2442 1331 2480 saepe
1362 2442 1428 2480 per
1449 2429 1533 2467 ltie-

128 2501 256 2529 mem.
289 2500 377 2526 cum
407 2487 452 2525 ab
482 2501 522 2524 se
552 2494 867 2537 oppugnarentur
895 2488 1106 2526 tleltilterae
1136 2487 1269 2530 urbes,
1302 2486 1533 2536 inploratam

127 2558 210 2583 esse
240 2557 352 2595 opem
386 2543 544 2593 l'ompei
574 2550 803 2594 conpererat
824 2545 1058 2592 missosque.
1090 2543 1154 2592 qui
1186 2543 1320 2580 itinera
1348 2541 1532 2579 exercitui

131 2601 305 2640 Romano
334 2605 617 2642 monstrarent,
658 2606 694 2637 et
723 2599 768 2637 ab
805 2600 975 2650 ipsorum
1007 2598 1201 2649 equitibus
1230 2603 1383 2636 vexatos
1420 2610 1533 2647 saepe
