1712 2825
33 220 62 239 α.
83 212 137 239 Ch.
158 213 218 239 180.
237 214 298 238 179.

434 201 562 235 LIBER
585 200 737 234 XXXX.
787 200 880 234 CAP.
905 201 960 234 44.
983 201 1038 234 45.

1369 203 1448 244 189

33 306 200 356 vovisse,
221 317 297 357 quo
319 304 379 344 die
399 309 644 357 postremum
668 316 755 343 cum
777 303 977 344 Celtiberis
993 310 1219 356 pugnasset,
1237 306 1351 346 ludos
1368 307 1450 346 Iovi
1477 313 1497 346 9

35 363 185 416 optimo
213 362 380 402 maximo
412 366 450 400 et
475 361 608 400 aedem
637 361 804 412 equestri
831 361 1026 400 Fortunae
1053 374 1138 400 sese
1165 362 1376 411 facturum3
1408 364 1448 403 in

34 432 118 459 eam
145 431 228 458 rem
254 418 325 457 sibi
353 418 556 470 pecuniam
578 418 770 457 conlatam
791 430 878 457 esse
899 418 946 457 ab
967 418 1166 470 Hispanis.
1206 419 1286 458 ludi
1307 420 1448 459 decreti
1480 426 1521 459 10
1550 448 1560 451 2

35 481 73 516 et
86 481 130 516 ut
145 474 338 515 duumviri
355 474 400 514 ad
418 475 554 514 aedem
570 474 776 514 locandam
793 479 1027 514 crearentur.
1061 475 1108 514 de
1122 475 1287 526 pecunia
1302 476 1447 523 finitur,

33 544 83 571 ne
103 531 230 571 maior
249 544 365 571 causa
386 531 567 571 ludorum
591 537 900 578 consumeretur,
920 544 1036 583 quam
1055 536 1197 583 quanta
1215 532 1347 571 Fulvio
1365 533 1447 572 No-

33 587 160 628 biliori
186 594 278 639 post
298 588 512 628 Aetolicum
540 588 680 628 bellum
707 589 824 627 ludos
852 588 1008 627 facienti
1028 589 1181 628 decreta
1201 594 1321 635 esset,
1352 601 1449 628 neve
1480 598 1518 631 11

32 645 123 697 quid
153 646 200 684 ad
228 658 296 684 eos
323 645 439 684 ludos
467 650 683 685 accerseret
711 650 865 696 cogeret
887 645 1076 697 acciperet
1095 645 1241 685 faceret
1260 646 1447 686 adversus

32 701 71 741 id
93 707 250 741 senatus
272 702 507 749 consultum,
529 702 632 753 quod
654 701 696 740 L.
718 701 879 741 Aemilio
903 701 970 741 Cn.
988 702 1131 742 Baebio
1155 702 1380 742 consulibus
1403 703 1450 742 de

31 758 132 798 ludis
161 758 305 798 factum
335 764 450 798 esset.
491 759 712 798 decreverat
737 759 774 798 id
802 764 961 799 senatus
990 764 1152 811 propter
1171 760 1316 799 effusos
1339 772 1450 799 sum-
1481 767 1521 800 12

31 820 137 866 ptus,
157 815 280 855 factos
300 816 340 854 in
360 816 474 855 ludos
491 816 548 855 Ti.
569 815 795 867 Sempronii
816 816 962 863 aedilis,
987 816 1051 867 qui
1073 828 1206 867 graves
1228 828 1307 855 non
1329 817 1449 856 modo

31 871 159 912 Italiae
190 885 234 912 ac
264 873 381 912 sociis
411 873 538 912 Latini
567 873 758 920 nominis,
797 873 864 912 sed
895 873 1008 912 etiam
1040 872 1251 925 provinciis
1282 874 1450 912 externis

29 928 197 968 fuerant.

143 985 278 1024 Hiems
300 998 345 1024 eo
367 997 470 1025 anno
491 986 577 1025 nive
598 999 711 1026 saeva
728 990 765 1025 et
782 986 889 1025 omni
905 990 1181 1037 tempestatum
1201 998 1339 1037 genere
1355 986 1447 1026 fuit:
1473 991 1529 1030 45

30 1041 206 1089 arbores,
234 1054 331 1094 quae
352 1043 543 1082 ohnoxiae
562 1043 771 1094 frigoribus
795 1048 899 1089 sunt,
924 1043 1126 1082 deusserat
1147 1049 1324 1090 cunctas3
1347 1048 1385 1082 et
1406 1056 1449 1083 ea

31 1103 116 1137 turn
137 1098 332 1149 aliquanto
355 1112 471 1150 quam
489 1100 580 1139 alias
597 1100 751 1150 longior
766 1099 852 1139 fuit.
892 1099 1020 1150 itaque
1037 1100 1192 1139 Latinas
1210 1113 1302 1138 mox
1319 1100 1448 1139 subito
1479 1110 1498 1142 2

33 1159 166 1194 coorta
183 1160 220 1194 et
235 1154 488 1195 intolerabilis
504 1161 715 1207 tempestas
732 1156 772 1194 in
789 1161 922 1195 monte
937 1156 1117 1197 turbavit,
1135 1157 1450 1208 instaurataeque

33 1215 125 1250 sunt
144 1223 189 1249 ex
210 1211 364 1250 decreto
387 1212 629 1262 pontificum.
670 1212 804 1251 eadem
825 1218 1036 1263 tempestas
1059 1218 1097 1252 et
1116 1213 1155 1252 in
1173 1213 1361 1264 Capitolio
1379 1213 1448 1252 ali·
1478 1223 1498 1255 3

34 1271 131 1318 quot
157 1266 266 1318 signa
294 1269 523 1319 prostravit,
548 1269 855 1320 fulminibusque
877 1270 1076 1320 complura
1097 1270 1183 1309 loca
1204 1270 1450 1318 deformavit,

33 1322 166 1362 aedem
188 1323 288 1363 Iovis
311 1324 555 1372 Tarracinae,
577 1326 710 1365 aedem
732 1325 868 1365 Albam
886 1326 1037 1376 Capuae
1053 1331 1286 1378 portamque
1303 1327 1449 1366 Roma-

31 1475 76 1481 —
91 1457 163 1490 ludi
178 1469 210 1490 11.
226 1461 354 1501 magni,
374 1460 440 1500 vgl.
460 1460 514 1501 39,
528 1459 588 1501 22,
610 1461 646 1500 13
674 1460 703 1501 1,

31 1502 86 1543 35,
100 1503 139 1542 93
157 1514 217 1535 zur
230 1504 335 1536 Sacbe
350 1516 377 1537 c.
392 1505 447 1545 40,
464 1505 568 1538 10.—
582 1506 703 1539 duum-

30 1549 107 1588 viri,
124 1550 393 1583 wahrscheinlich
411 1551 455 1583 ist
468 1552 562 1583 einer
575 1552 703 1584 dersel-

31 1593 94 1626 ben
112 1594 172 1626 der
188 1594 313 1627 Consul
330 1596 453 1637 selbst‚
477 1596 535 1638 35,
554 1597 590 1638 9,
610 1598 640 1629 6.
659 1616 703 1621 —

22 1639 162 1682 finitur,
180 1640 232 1672 ein
250 1640 340 1673 Mass
359 1641 536 1683 bestimmt,
554 1652 580 1675 s.
599 1643 630 1684 9,
649 1642 703 1684 33,

31 1684 70 1723 4;
97 1684 150 1725 34,
169 1684 199 1728 6,
220 1685 259 1717 10
277 1697 307 1718 u.
326 1697 373 1725 a.‚
390 1688 531 1730 finitum
551 1699 592 1720 zu
609 1689 701 1720 lesen

32 1729 78 1762 ist
96 1730 162 1762 wol
180 1731 270 1763 nicht
287 1733 516 1773 nothweudig,
536 1733 603 1774 vgl.
625 1734 653 1773 1,
672 1733 703 1774 3,

32 1774 71 1814 33
91 1786 152 1807 zur
164 1776 270 1808 Sache
284 1776 388 1820 Marq.
402 1778 433 1817 4,
451 1778 528 1810 484.
542 1798 583 1802 —-
599 1789 705 1811 causa

31 1820 118 1861 lud.‚
137 1832 164 1853 6.
183 1822 240 1861 41,
263 1822 314 1854 11.
332 1842 375 1845 -
392 1823 522 1864 Fulvio,
541 1823 594 1864 39,
614 1825 645 1866 5,
664 1824 702 1864 93

33 1865 76 1898 ib.
96 1865 150 1906 22,
169 1867 206 1905 2;
225 1867 337 1908 Lange
350 1868 379 1909 2,
396 1868 479 1908 216;
499 1869 575 1901 230.
590 1888 634 1893 —
650 1880 705 1902 ac-

32 1921 127 1953 cers„
146 1913 358 1945 herbeiholen
374 1914 475 1955 lasse,
494 1917 609 1958 accip„
624 1914 704 1947 frei-

32 1957 137 1998 willig
154 1957 390 1999 Angebotenes
411 1961 704 2004 annehme3sace-

32 2003 284 2044 retallgemein:
299 2004 485 2048 iiberhaupt
497 2010 602 2038 etwas
613 2007 704 2039 thue.

32 2065 77 2072 -—
99 2049 244 2082 Aemilio
267 2054 349 2092 etc.‚
371 2049 432 2090 39,
464 2051 518 2084 56.
541 2070 586 2075 —
609 2051 705 2084 Sem-

32 2102 148 2137 pron.,
167 2093 352 2137 Gracchus,
374 2096 434 2128 der
450 2096 539 2138 jetzt
563 2098 593 2129 in
619 2098 705 2140 Spa-

34 2137 108 2170 nien
133 2139 192 2182 ist,
216 2151 243 2171 6.
268 2140 329 2180 403
355 2140 391 2172 L.
410 2142 466 2174 hat
484 2143 596 2175 weder
612 2144 704 2176 diese

33 2181 145 2226 Spiele
179 2185 260 2216 noch
294 2186 351 2217 das
384 2188 507 2219 vorher
538 2194 705 2229 genannte

34 2227 290 2262 Senatsconsult
330 2232 370 2263 im
402 2231 610 2275 voi-bergen.
648 2245 706 2266 er-

34 2273 163 2313 wiilint3
202 2274 313 2315 Lange
349 2276 382 2315 1,
416 2277 481 2309 628
491 2276 532 2317 f.;
566 2279 704 2312 Nitzseh

37 2317 112 2350 144.
125 2337 170 2342 —
187 2319 304 2353 Italiae
318 2321 389 2353 hier
402 2322 442 2353 im
458 2322 648 2363 Gegensatz
664 2336 705 2357 zu

35 2363 97 2395 den
111 2363 310 2406 Provinzen,
328 2377 353 2398 s.
370 2367 421 2408 39,
442 2368 495 2408 54,
515 2368 562 2410 12,
577 2371 707 2403 scheint

35 2408 137 2441 durch
150 2421 189 2443 ac
202 2422 270 2443 soc.
285 2411 321 2443 L.
335 2423 436 2452 norm,
456 2414 494 2445 da
510 2414 600 2446 diese
614 2416 706 2447 mehr

35 2454 86 2486 als
103 2455 154 2487 die
173 2458 254 2488 ro’m.
275 2457 401 2497 Biirger
418 2459 478 2490 den
500 2459 707 2500 1161113ῑί3611-

37 2507 98 2540 gen
127 2507 321 2542 ausgesetzt
347 2513 475 2542 waren,
505 2504 707 2538 beschriinkt

38 2546 119 2578 oder
135 2547 264 2579 erkliirt
281 2559 321 2580 zu
340 2550 485 2581 werden.

0 2623 1 2632 ,
82 2585 151 2624 45.
172 2592 257 2625 1-3.
282 2595 368 2634 nive,
387 2605 424 2625 er
443 2595 589 2627 wiithetc
604 2597 705 2629 durch

38 2635 100 2670 den
122 2636 267 2678 Schnee,
291 2640 492 2672 vermittelst
517 2641 705 2682 desselben,

777 1461 884 1492 indem
915 1471 952 1493 er
975 1461 1027 1493 ibn
1051 1461 1200 1494 brachte.
1223 1479 1268 1486 —
1292 1465 1325 1494 et
1348 1465 1448 1505 omni,

775 1507 828 1538 die
844 1506 998 1548 Stellung
1016 1507 1076 1539 der
1090 1507 1213 1539 VVorte
1226 1508 1270 1540 ist
1282 1509 1449 1549 unsicher,

774 1552 866 1584 viell.
885 1552 973 1584 hiess
987 1562 1039 1584 es:
1057 1555 1091 1585 et
1108 1555 1184 1585 nive
1196 1564 1299 1586 saera
1312 1557 1345 1586 et
1358 1556 1451 1586 omni

776 1617 799 1620 —
815 1600 848 1629 et
863 1616 885 1620 -
901 1598 1085 1640 aliquanto.
1104 1616 1149 1622 —
1166 1599 1329 1641 deusser„
1348 1610 1451 1632 urere

777 1653 840 1674 von
857 1643 916 1674 der
929 1642 1041 1683 Halm,
1059 1654 1085 1675 S.
1101 1643 1154 1683 21,
1169 1644 1223 1684 40,
1238 1644 1275 1675 9:
1291 1647 1452 1688 praeusti

776 1691 894 1727 artus-3
915 1688 1007 1720 Curt.
1027 1690 1056 1727 7,
1079 1688 1128 1731 13,
1149 1689 1205 1720 13;
1223 1691 1322 1732 rigor
1335 1690 1451 1723 insoli-

778 1736 834 1765 tus
850 1735 960 1774 711'1·is,·
984 1734 1173 1766 multorum
1188 1734 1323 1767 adussit
1337 1735 1452 1779 pedes.

777 1797 822 1802 —
844 1782 877 1810 et
899 1790 938 1811 ea
961 1782 1032 1811 tum
1059 1780 1188 1811 scheint
1210 1781 1299 1812 nicht
1322 1782 1452 1823 richtig,

776 1834 850 1856 inan
875 1829 1038 1856 erwartet
1061 1835 1123 1856 nur
1141 1828 1174 1857 et
1189 1826 1284 1868 aliq„
1308 1826 1400 1859 viell.
1420 1830 1452 1858 et

778 1869 893 1901 eadem
911 1870 999 1912 aliq„
1018 1881 1045 1903 s.
1060 1870 1112 1908 39,
1128 1870 1181 1910 40,
1197 1870 1233 1911 6;
1254 1872 1334 1903 auch
1350 1874 1453 1904 etiam

779 1915 862 1947 wird
885 1926 987 1947 verm.
1005 1934 1050 1938 —
1067 1915 1218 1959 Latinas,
1241 1918 1450 1957 gewo'hnlich

779 1961 821 1992 im
837 1960 1450 2002 Friihjahr,41,16‚13Prener1883

778 2005 883 2049 Marq.
903 2007 940 2047 4,
964 2006 1046 2046 4433
1072 2007 1153 2038 doch
1177 2008 1221 2039 ist
1238 2008 1375 2040 deshalb
1393 2009 1453 2041 das

777 2050 858 2092 folg.
881 2062 965 2084 mom
990 2052 1186 2084 schwerlich
1211 2052 1271 2085 auf
1284 2054 1393 2086 hiems
1411 2065 1452 2086 zu

779 2097 953 2130 beziehen:
980 2097 1054 2129 bald
1079 2099 1158 2130 nach
1182 2099 1255 2130 dem
1278 2099 1369 2131 Ende
1392 2100 1451 2131 des

780 2142 951 2181 WVinters‚
978 2144 1124 2175 sondern
1148 2145 1208 2176 das
1235 2144 1289 2176 W.
1314 2145 1452 2177 verdor-

779 2188 852 2228 ben,
867 2188 958 2220 viell.
971 2192 1087 2229 atroae,
1103 2199 1128 2221 s.
1146 2201 1173 2221 c.
1191 2189 1221 2230 2,
1240 2189 1249 2221 1
1271 2193 1329 2229 (ex
1342 2192 1452 2223 subito

779 2234 842 2265 wie
865 2245 910 2266 aar
928 2236 1102 2277 inopinato
1127 2246 1156 2266 u.
1177 2235 1360 2267 ii.scl1eint
1383 2237 1452 2268 sich

779 2279 869 2311 nicht
886 2290 926 2311 zu
946 2280 1083 2321 finden),
1108 2281 1189 2312 nach
1209 2281 1363 2312 Anderen
1382 2293 1453 2312 noar

779 2325 832 2357 od.
861 2328 924 2357 uim
946 2336 987 2356 zu
1011 2325 1117 2357 lesen.
1140 2345 1183 2349 —
1207 2328 1368 2365 instaura,
1399 2327 1452 2365 41,

780 2369 1273 2411 16‚2;5,19,1u.a.—
1295 2383 1340 2403 em
1363 2370 1452 2403 decr.

776 2417 887 2458 pont„
919 2416 996 2447 weil
1027 2415 1106 2448 Rom
1138 2416 1198 2448 der
1229 2416 1450 2447 herrschende

779 2461 875 2492 Stant
905 2461 958 2493 ist.
983 2480 1027 2485 —
1054 2464 1256 2505 prostrart'l,
1288 2466 1370 2492 stau
1392 2461 1450 2492 des

779 2506 850 2537 hds.
869 2509 1073 2546 commu-im
1095 2507 1234 2548 Obseq.:
1253 2505 1390 2537 defecta.
1408 2524 1452 2529 -—

779 2550 947 2593 deformi„
980 2552 1038 2593 37,
1069 2553 1105 2589 3,
1139 2553 1168 2583 2.
1195 2570 1237 2574 —-
1259 2551 1333 2582 aed.
1364 2551 1452 2590 Alb„

779 2607 805 2627 s.
832 2597 894 2637 32,
919 2597 955 2637 9,
981 2597 1011 2629 2.
1036 2615 1079 2619 —
1104 2596 1266 2635 Romam,
1288 2596 1346 2628 dns
1371 2597 1452 2628 nach

779 2640 859 2673 Rom
888 2653 929 2673 zu
953 2641 1128 2682 stibi-ende,
1159 2642 1210 2672 ein
1236 2642 1377 2674 anderes
1408 2642 1452 2674 ist
