1712 2825
128 433 169 466 10

128 602 168 635 11

128 773 170 806 12

127 943 169 975 13

127 1055 170 1089 14

132 1284 173 1316 15

633 215 762 248 LIBER
787 215 952 248 XXXXI.
1001 216 1097 250 CAP.
1114 216 1170 248 24.
1448 232 1474 250 a.
1496 233 1524 250 u.
1545 225 1608 252 580.

198 220 282 259 262

199 333 295 371 que:
311 319 431 358 nihilo
449 316 536 371 plus
551 318 642 358 fidei
655 319 973 370 auctoritatisque
990 318 1177 358 habemus
1191 318 1376 357 adversus
1393 317 1608 364 Romanos,

198 377 262 427 qui
280 388 435 427 semper
455 375 550 414 socii
571 380 683 427 atque
701 375 814 414 amici
829 375 988 422 fuimus,
1010 387 1125 426 quam
1143 374 1278 421 Aetoli,
1295 374 1361 426 qui
1383 374 1499 426 paulo
1521 380 1609 414 ante

197 433 333 472 hostes
362 430 548 472 fuerunt?
580 433 684 483 quod
712 432 870 477 Aetolis,
910 431 1015 483 quod
1045 431 1253 479 Thessalis,
1289 431 1395 482 quod
1422 430 1610 482 Epirotis,

199 490 308 528 omni
329 489 494 540 denique
515 488 695 528 Graeciae
716 500 806 527 cum
824 488 1099 527 Macedonibus
1116 488 1210 527 iuris
1228 494 1298 535 est,
1319 488 1422 526 idem
1440 492 1478 526 et
1492 487 1608 527 nohis

198 545 260 585 sit.
303 558 371 585 cur
391 545 639 584 exsecrabilis
657 546 730 584 ista
751 544 866 583 nobis
889 544 982 583 solis
1004 545 1107 583 velut
1128 544 1310 583 dissertio
1331 544 1426 583 iuris
1447 544 1609 584 humani

198 600 288 641 est?
315 602 449 641 fecerit
476 601 616 652 aliquid
646 601 869 652 Philippus,
903 613 971 640 cur
1001 601 1185 640 adversus
1214 613 1302 640 eum
1343 605 1536 640 armatum
1573 605 1611 640 et

197 658 338 697 bellum
365 664 560 709 gerentem
590 659 665 696 hoc
692 658 1007 706 decerneremus3
1040 658 1131 708 quid
1161 658 1342 704 Perseus,
1378 669 1504 696 novus
1531 669 1610 705 rex,

198 716 327 754 omnis
350 715 512 754 iniuriae
532 715 685 761 insons,
707 726 779 753 suo
802 714 988 753 beneficio
1012 720 1192 766 paternas
1215 714 1427 753 simultates
1456 713 1611 753 oblitte-

198 783 304 819 rans,
327 772 479 817 meruit,
503 783 571 810 cur
593 771 666 810 soli
689 771 866 810 omnium
888 771 1021 810 hostes
1045 771 1078 809 ei
1109 769 1263 810 simus?
1313 782 1546 822 quamquam
1573 775 1611 809 et

197 827 288 867 illud
322 828 447 867 dicere
475 833 664 878 poteram,
694 832 800 866 tanta
827 827 1004 878 priorum
1034 828 1280 867 Macedoniae
1308 838 1444 877 regum
1472 826 1610 866 merita

198 896 287 934 erga
309 896 382 923 nos
403 884 537 932 fuisse,
559 890 603 923 ut
623 883 791 935 Philippi
812 884 927 923 unius
950 884 1124 931 iniurias,
1155 884 1187 922 si
1219 896 1292 935 qua
1320 883 1423 922 forte
1441 883 1610 930 fuerunt,

197 941 329 991 utique
351 945 442 991 post
462 946 630 979 mortem
668 960 705 977 a
745 959 765 975 4
787 952 875 979 cum
897 940 1030 979 classis
1053 940 1230 980 Romana
1252 939 1457 979 Cenchreis
1478 944 1610 986 staret,

202 997 339 1035 consul
361 1009 449 1036 cum
471 997 641 1036 exercitu
661 996 806 1035 Elatiae
828 1002 945 1044 esset,
967 997 1139 1036 triduum
1161 1009 1234 1036 nos
1251 996 1291 1035 in
1307 996 1470 1035 concilio
1487 996 1610 1036 fuisse

199 1053 470 1099 consultantis‚
498 1058 628 1092 utrum
651 1053 854 1092 Romanos
882 1066 931 1092 an
959 1053 1182 1104 Philippum
1210 1064 1474 1104 sequeremur.
1514 1051 1610 1091 nihil

195 1114 324 1148 metus
355 1120 540 1160 praesens
571 1109 618 1148 ab
647 1109 834 1148 Romanis
870 1110 1080 1148 sententias
1108 1114 1263 1148 nostras
1291 1108 1501 1155 inclinarit3
1536 1108 1611 1148 fuit

196 1171 299 1205 certe
316 1162 456 1205 'tamen
484 1165 638 1217 aliquid,
670 1166 776 1217 quod
803 1171 881 1204 tam
912 1165 1071 1216 longam
1108 1166 1426 1205 deliberationem
1453 1165 1607 1204 faceret.

201 1221 250 1271 [id
273 1222 390 1273 quod]
422 1228 502 1261 erat
531 1228 680 1261 vetusta
709 1222 931 1262 coniunctio
968 1235 1056 1262 cum
1088 1221 1376 1268 Macedonibus,
1411 1226 1538 1260 vetera
1572 1226 1609 1260 et

204 1290 342 1329 magna
363 1279 403 1317 in
423 1291 498 1318 nos
519 1291 653 1330 regum
675 1279 822 1318 merita.
863 1279 1013 1318 valeant
1033 1284 1070 1318 et
1090 1291 1195 1318 nunc
1214 1279 1347 1318 eadem
1369 1277 1442 1325 illa,
1464 1289 1546 1317 non
1566 1283 1610 1317 ut

194 1335 404 1386 praecipue
431 1335 554 1381 amici,
583 1335 650 1374 sed
682 1347 730 1374 ne
758 1335 961 1387 praecipue
989 1335 1136 1375 inimici
1167 1335 1304 1374 simus.
1345 1347 1394 1374 ne
1419 1334 1472 1382 id,
1501 1334 1607 1385 quod

937 1503 1031 1543 Folg.
1065 1503 1167 1543 fehlt,
1200 1503 1240 1534 da
1269 1505 1301 1534 in
1331 1503 1468 1535 coneilio
1484 1503 1607 1545 fuisse

938 1549 1027 1580 nicht
1055 1548 1195 1590 passend
1226 1558 1288 1579 von
1318 1547 1429 1580 dicere
1448 1550 1608 1591 poteram

192 1503 289 1534 ihnen
320 1501 417 1534 Hiilfe
451 1503 615 1534 erhalten.
644 1521 687 1526 —
720 1502 863 1542 advers„

191 1548 289 1579 ihnen
319 1547 527 1588 gegeniiber,
557 1548 587 1579 in
619 1548 710 1579 ihren
737 1549 864 1588 Augen,

192 1591 247 1633 22,
271 1592 325 1633 39,
349 1594 385 1630 93
412 1592 517 1624 Prisc.
546 1593 596 1631 18,
622 1592 686 1624 210
707 1604 737 1635 p.
759 1593 862 1624 1151:

191 1637 296 1669 Attici
324 1635 493 1670 ἐναντίον
520 1635 630 1670 τοῦδε
659 1649 723 1681 pro
748 1648 864 1670 coram

190 1682 257 1714 illo.
287 1681 468 1716 Terentius
483 1682 632 1715 Andria:
650 1702 671 1705 —
683 1683 864 1715 adversum

192 1730 237 1759 te.
255 1745 299 1750 —
316 1727 407 1769 quod
423 1733 505 1767 etc.,
529 1729 580 1760 die
600 1728 800 1769 Folgerung.
819 1746 864 1752 —

192 1774 285 1804 omni
298 1771 365 1812 Gr,
380 1783 407 1804 c.
419 1772 473 1814 23,
492 1773 519 1804 1.
534 1791 577 1796 —
593 1784 668 1806 cum
683 1773 860 1812 JL-iuris,

190 1818 221 1854 9,
241 1818 268 1859 1,
283 1818 313 1849 8.
328 1836 371 1841 —
385 1820 462 1857 ista,
478 1819 530 1850 die
543 1818 676 1851 Callicr.
692 1819 721 1850 in
738 1819 861 1850 Schutz

190 1863 316 1894 nimmt.
336 1881 378 1885 —
397 1863 557 1895 dissertio
576 1865 635 1906 ist,
656 1864 804 1904 obgleich
823 1874 860 1896 es

189 1908 270 1938 auch
299 1908 349 1939 bei
374 1908 465 1940 Paul.
499 1909 587 1940 Diac.
619 1920 648 1951 p.
675 1909 716 1940 72
740 1910 860 1941 heisst:

189 1951 389 1984 diser-tiones
421 1953 602 1986 divisiones
637 1956 861 1997 patrimonio-

189 2006 269 2028 rum
292 1999 377 2029 inter
401 2002 591 2037 consortes,
617 1999 656 2030 da
683 2000 774 2030 diese
799 2000 860 2030 Be-

190 2041 336 2082 deutung
359 2052 398 2073 an
424 2054 454 2074 u.
473 2044 522 2074 St.
541 2044 630 2075 nicht
648 2044 788 2085 passond
808 2045 860 2085 ist,

188 2087 464 2118 wahrsclieinlich
491 2088 697 2126 verdorben3
729 2088 862 2129 Madvig

189 2141 288 2162 verm.
322 2132 519 2175 dis-cerplio,
560 2144 627 2164 was
664 2134 731 2164 sich
767 2139 862 2166 sonst

189 2176 281 2207 nicht
298 2176 416 2214 findet;
438 2178 568 2209 Audere
587 2178 781 2221 dissaeptio.

239 2221 368 2252 11-14.
403 2221 530 2254 Unsere
555 2223 787 2255 Vermiltnisse
819 2235 858 2256 zu

188 2265 318 2298 Maced.
344 2268 476 2298 mnchen
501 2269 553 2299 die
578 2268 775 2308 Aul'hebung
800 2270 858 2301 des

187 2311 405 2343 Beschlusscs
454 2313 771 2346 wiinschenswerth.
814 2333 857 2338 —

177 2358 325 2398 jecerit,
348 2367 374 2388 s.
397 2357 457 2397 4-1,
483 2358 542 2395 3‘3,
570 2359 606 2397 7;
633 2359 691 2397 28,
717 2360 856 2399 27,13;

188 2401 338 2441 h'a'uflger
365 2402 424 2433 mit
451 2406 498 2435 ul.
529 2420 572 2425 —
601 2414 676 2443 rur,
706 2414 774 2435 wns
803 2406 856 2436 ein

188 2446 302 2478 Gruud
323 2447 420 2486 wiire,
439 2458 499 2479 uns
517 2447 709 2480 bestiinmen
724 2449 856 2490 kiinnte,

187 2491 251 2522 wie
270 2492 309 2522 im
331 2491 441 2534 l⁴'olg.‚
459 2493 494 2532 5,
519 2492 572 2534 4⁴5,
591 2495 628 2531 (ῖς
660 2494 708 2533 10,
732 2495 780 2534 18,
805 2495 854 2526 14.

188 2553 231 2559 —-
248 2547 452 2579 quamquam
469 2542 545 2579 etc„
563 2539 611 2570 ich
630 2539 754 2570 kiiunte
773 2540 857 2571 viel-

189 2582 281 2612 mehr
297 2592 414 2622 engen,
433 2581 523 2615 suhi-t
540 2584 619 2615 nach
637 2584 709 2615 dem
728 2586 856 2623 neguti-

189 2635 251 2656 ven
275 2627 332 2658 das
358 2628 501 2668 positive
520 2628 702 2669 Argument
724 2640 775 2661 nn.
811 2629 853 2662 lm

936 1593 1097 1633 abhiingig
1129 1594 1280 1633 gemacht
1314 1593 1447 1633 wiirde‚
1487 1602 1607 1625 ausser

937 1640 1009 1670 dem
1034 1638 1207 1670 Priidicate
1237 1649 1278 1669 zu
1303 1638 1375 1669 dem
1400 1637 1501 1669 Satze
1523 1640 1564 1670 ut
1584 1656 1607 1661 -

937 1686 1099 1723 im'urias,
1138 1688 1224 1715 etwa
1258 1683 1408 1715 oblivisci
1436 1682 1605 1724 debemus,

937 1729 1018 1760 oder
1035 1729 1227 1768 oble'terent,
1251 1730 1446 1768 obscurent,
1469 1728 1606 1768 elevent,

935 1776 1016 1806 auch
1047 1775 1104 1806 das
1134 1774 1329 1814 regierende
1355 1773 1500 1805 Verbum
1531 1784 1606 1806 zum

935 1818 1014 1860 solg.
1034 1819 1152 1859 Satze,
1175 1824 1262 1851 etwa
1282 1820 1425 1860 seinms,
1450 1820 1605 1851 memini-

934 1867 1008 1904 stis,
1024 1876 1050 1896 c.
1068 1865 1118 1905 22,
1135 1865 1165 1896 7.
1181 1883 1225 1887 —
1236 1864 1421 1901 Cenchreis,
1437 1863 1490 1903 32,
1507 1864 1557 1902 17,
1573 1863 1604 1896 3.

935 1928 978 1932 -
993 1910 1146 1942 triduum
1163 1914 1240 1948 etc.,
1259 1908 1316 1947 32,
1341 1909 1378 1940 19
1389 1909 1419 1940 ff.
1432 1925 1477 1931 —-
1489 1908 1605 1940 nihil-

932 1955 1058 1986 inclin.:
1084 1955 1132 1986 ich
1152 1954 1219 1985 will
1237 1954 1398 1994 zugeben,
1417 1953 1494 1985 dass
1511 1964 1604 1997 usw.‚

933 2001 996 2031 wie
1019 1999 1039 2041 ξ
1067 1999 1117 2030 11.
1144 2017 1185 2021 —
1209 2001 1300 2031 certe
1325 2002 1422 2038 tam„
1447 1999 1528 2031 doch
1545 2010 1605 2040 ge-

933 2046 1024 2082 wiss,
1045 2044 1111 2076 Cic.
1126 2043 1196 2076 Cat.
1211 2055 1251 2076 m.
1268 2044 1320 2087 23,
1338 2044 1392 2076 84.
1410 2045 1452 2067 —'
1471 2043 1507 2076 id
1517 2044 1606 2087 quod

933 2090 1019 2121 kann
1050 2091 1129 2121 nach
1156 2090 1227 2121 dein
1257 2089 1511 2121 nnbestimmten
1541 2089 1603 2122 011?-

934 2135 1119 2177 qnodnicht
1133 2135 1341 2173 stattlnnbeu,
1355 2145 1391 2166 es
1407 2135 1602 2167 scheintuus

933 2180 1185 2222 aliquidquod
1217 2180 1431 2217 wiederholt3
1470 2179 1604 2221 Madvig
1668 2211 1674 2218 ,

932 2236 1054 2257 verm:
1073 2226 1109 2257 id
1123 2225 1204 2268 quid
1215 2228 1299 2258 erat.
1314 2243 1358 2248 —
1370 2224 1505 2258 valeant
1515 2237 1542 2258 σ.
1556 2237 1602 2265 n.,

933 2281 984 2302 um
1004 2271 1110 2311 jetzt,
1136 2272 1176 2302 da
1200 2270 1339 2313 Philipp,
1363 2271 1436 2302 todt
1459 2271 1517 2312 ist,
1543 2271 1600 2303 dns

932 2317 1056 2348 domnis
1110 2315 1338 2356 nusgehobene
1394 2314 1600 2348 freundlichc
1663 2329 1669 2337 ·

932 2360 1143 2393 Verhiiltniss
1161 2360 1528 2393 wiederherzustellen.

980 2406 1046 2437 15-
1060 2406 1108 2438 18.
1157 2406 1265 2438 Dur-ch
1305 2406 1356 2438 die
1396 2404 1600 2438 sreundlicbe

930 2452 1083 2492 Stellung
1100 2463 1141 2483 zu
1156 2451 1300 2483 Perseus
1318 2450 1399 2482 wird
1418 2451 1476 2482 dus
1491 2450 1599 2483 Biind-

930 2497 997 2528 niss
1028 2498 1086 2528 mit
1114 2497 1174 2528 den
1199 2495 1340 2528 Riiinern
1366 2496 1457 2528 nieht
1486 2495 1598 2528 becin-

929 2542 1097 2581 trfichtigt.
1113 2560 1156 2564 —
1168 2553 1210 2573 ne
1222 2560 1242 2564 -
1256 2540 1423 2579 simulata,
1441 2541 1503 2572 wir
1516 2540 1596 2573 wol-

929 2586 980 2617 len
997 2587 1084 2618 nicht
1098 2596 1194 2626 usw.‚
1212 2596 1238 2618 ε.
1255 2586 1307 2627 32,
1326 2586 1379 2626 21,
1398 2585 1453 2625 21,
1471 2585 1534 2618 wie
1549 2584 1598 2619 oft

927 2631 980 2662 die
1011 2631 1040 2662 2.
1073 2631 1197 2664 Persou
1226 2631 1284 2663 des
1314 2629 1401 2663 Pers.
1431 2630 1527 2673 Conj.
1552 2649 1597 2655 —
1660 2664 1662 2666 .
