<?xml version="1.0" encoding="UTF-8"?>
<!DOCTYPE html PUBLIC "-//W3C//DTD XHTML 1.0 Transitional//EN"
    "http://www.w3.org/TR/xhtml1/DTD/xhtml1-transitional.dtd">
<html xmlns="http://www.w3.org/1999/xhtml" xml:lang="en" lang="en">
 <head>
  <title>
</title>
<meta http-equiv="Content-Type" content="text/html;charset=utf-8" />
  <meta name='ocr-system' content='tesseract 3.04.00' />
  <meta name='ocr-capabilities' content='ocr_page ocr_carea ocr_par ocr_line ocrx_word'/>
</head>
<body>
  <div class='ocr_page' id='page_1' title='image "./aburbeconditali09livy_0272.png"; bbox 0 0 1712 2825; ppageno 0'>
   <div class='ocr_carea' id='block_1_1' title="bbox 205 205 1205 248">
    <p class='ocr_par' dir='ltr' id='par_1_1' title="bbox 205 205 1205 248">
     <span class='ocr_line' id='line_1_1' title="bbox 205 205 1205 248; baseline -0.006 -5"><span class='ocrx_word' id='word_1_1' title='bbox 205 208 287 248; x_wconf 83' lang='grc'><strong>246</strong></span> <span class='ocrx_word' id='word_1_2' title='bbox 604 205 732 239; x_wconf 80' lang='lat' dir='ltr'>LIBER</span> <span class='ocrx_word' id='word_1_3' title='bbox 749 205 915 238; x_wconf 79' lang='lat' dir='ltr'>XXXXI.</span> <span class='ocrx_word' id='word_1_4' title='bbox 965 205 1058 238; x_wconf 87' lang='lat' dir='ltr'>CAP.</span> <span class='ocrx_word' id='word_1_5' title='bbox 1080 207 1131 238; x_wconf 85' lang='grc'>17.</span> <span class='ocrx_word' id='word_1_6' title='bbox 1153 206 1205 238; x_wconf 84' lang='grc'>18.</span> 
     </span>
    </p>
   </div>
   <div class='ocr_carea' id='block_1_2' title="bbox 1451 216 1610 242">
    <p class='ocr_par' dir='ltr' id='par_1_2' title="bbox 1451 216 1610 242">
     <span class='ocr_line' id='line_1_2' title="bbox 1451 216 1610 242; baseline 0.013 -2"><span class='ocrx_word' id='word_1_7' title='bbox 1451 223 1478 240; x_wconf 71' lang='lat' dir='ltr'>a.</span> <span class='ocrx_word' id='word_1_8' title='bbox 1499 223 1526 241; x_wconf 91' lang='lat' dir='ltr'>n.</span> <span class='ocrx_word' id='word_1_9' title='bbox 1547 216 1610 242; x_wconf 82' lang='lat'>578.</span> 
     </span>
    </p>
   </div>
   <div class='ocr_carea' id='block_1_3' title="bbox 154 307 1662 1594">
    <p class='ocr_par' dir='ltr' id='par_1_3' title="bbox 154 307 1613 639">
     <span class='ocr_line' id='line_1_3' title="bbox 205 307 1611 359; baseline 0 -11"><span class='ocrx_word' id='word_1_10' title='bbox 205 310 326 348; x_wconf 88' lang='lat' dir='ltr'>classe</span> <span class='ocrx_word' id='word_1_11' title='bbox 342 308 451 347; x_wconf 91' lang='lat' dir='ltr'>Pisas</span> <span class='ocrx_word' id='word_1_12' title='bbox 473 307 541 357; x_wconf 91' lang='lat' dir='ltr'>ire,</span> <span class='ocrx_word' id='word_1_13' title='bbox 562 308 628 359; x_wconf 91' lang='lat' dir='ltr'>qui</span> <span class='ocrx_word' id='word_1_14' title='bbox 643 308 827 358; x_wconf 81' lang='lat' dir='ltr'><strong>Ligurum</strong></span> <span class='ocrx_word' id='word_1_15' title='bbox 850 319 970 352; x_wconf 89' lang='lat' dir='ltr'>oram,</span> <span class='ocrx_word' id='word_1_16' title='bbox 986 307 1237 347; x_wconf 89' lang='lat' dir='ltr'>maritumum</span> <span class='ocrx_word' id='word_1_17' title='bbox 1250 319 1406 358; x_wconf 87' lang='lat' dir='ltr'>quoque</span> <span class='ocrx_word' id='word_1_18' title='bbox 1419 312 1611 348; x_wconf 87' lang='lat' dir='ltr'>terrorem</span> 
     </span>
     <span class='ocr_line' id='line_1_4' title="bbox 154 363 1611 411; baseline -0.001 -7"><span class='ocrx_word' id='word_1_19' title='bbox 154 372 176 404; x_wconf 88' lang='lat'>8</span> <span class='ocrx_word' id='word_1_20' title='bbox 205 365 467 411; x_wconf 88' lang='lat' dir='ltr'>admoventes,</span> <span class='ocrx_word' id='word_1_21' title='bbox 485 364 885 403; x_wconf 78' lang='lat' dir='ltr'>circumvectarentur.</span> <span class='ocrx_word' id='word_1_22' title='bbox 926 363 1064 402; x_wconf 89' lang='lat' dir='ltr'>eodem</span> <span class='ocrx_word' id='word_1_23' title='bbox 1082 363 1190 402; x_wconf 81' lang='lat' dir='ltr'><strong>Pisas</strong></span> <span class='ocrx_word' id='word_1_24' title='bbox 1208 369 1246 403; x_wconf 92' lang='lat' dir='ltr'>et</span> <span class='ocrx_word' id='word_1_25' title='bbox 1262 363 1308 410; x_wconf 87' lang='lat' dir='ltr'>Q.</span> <span class='ocrx_word' id='word_1_26' title='bbox 1325 363 1497 403; x_wconf 89' lang='lat' dir='ltr'>Petillius</span> <span class='ocrx_word' id='word_1_27' title='bbox 1514 376 1611 403; x_wconf 89' lang='lat' dir='ltr'>con-</span> 
     </span>
     <span class='ocr_line' id='line_1_5' title="bbox 156 419 1611 472; baseline 0 -12"><span class='ocrx_word' id='word_1_28' title='bbox 156 427 176 459; x_wconf 84' lang='lat'><strong>9</strong></span> <span class='ocrx_word' id='word_1_29' title='bbox 197 421 265 472; x_wconf 16' lang='lat' dir='ltr'>,sul</span> <span class='ocrx_word' id='word_1_30' title='bbox 293 421 342 460; x_wconf 91' lang='lat' dir='ltr'>ad</span> <span class='ocrx_word' id='word_1_31' title='bbox 367 420 673 460; x_wconf 88' lang='lat' dir='ltr'>conveniendum</span> <span class='ocrx_word' id='word_1_32' title='bbox 708 420 891 459; x_wconf 87' lang='lat' dir='ltr'>exercitui</span> <span class='ocrx_word' id='word_1_33' title='bbox 925 420 1023 459; x_wconf 79' lang='lat' dir='ltr'>diem</span> <span class='ocrx_word' id='word_1_34' title='bbox 1057 419 1237 459; x_wconf 82' lang='lat' dir='ltr'>edixerat.</span> <span class='ocrx_word' id='word_1_35' title='bbox 1287 425 1325 459; x_wconf 88' lang='lat' dir='ltr'>et</span> <span class='ocrx_word' id='word_1_36' title='bbox 1363 419 1402 458; x_wconf 89' lang='lat' dir='ltr'>C.</span> <span class='ocrx_word' id='word_1_37' title='bbox 1431 419 1611 460; x_wconf 90' lang='lat' dir='ltr'>Claudius</span> 
     </span>
     <span class='ocr_line' id='line_1_6' title="bbox 204 476 1610 529; baseline 0 -13"><span class='ocrx_word' id='word_1_38' title='bbox 204 477 420 529; x_wconf 88' lang='lat' dir='ltr'>proconsul</span> <span class='ocrx_word' id='word_1_39' title='bbox 441 477 570 516; x_wconf 88' lang='lat' dir='ltr'>audita</span> <span class='ocrx_word' id='word_1_40' title='bbox 599 476 808 515; x_wconf 87' lang='lat' dir='ltr'>rebellione</span> <span class='ocrx_word' id='word_1_41' title='bbox 834 476 1020 526; x_wconf 85' lang='lat' dir='ltr'>Ligurum</span> <span class='ocrx_word' id='word_1_42' title='bbox 1056 481 1207 527; x_wconf 89' lang='lat' dir='ltr'>praeter</span> <span class='ocrx_word' id='word_1_43' title='bbox 1235 488 1299 515; x_wconf 89' lang='lat' dir='ltr'>eas</span> <span class='ocrx_word' id='word_1_44' title='bbox 1334 476 1486 527; x_wconf 82' lang='lat' dir='ltr'>copias,</span> <span class='ocrx_word' id='word_1_45' title='bbox 1515 488 1610 528; x_wconf 89' lang='lat' dir='ltr'>quas</span> 
     </span>
     <span class='ocr_line' id='line_1_7' title="bbox 206 531 1613 579; baseline 0 -7"><span class='ocrx_word' id='word_1_46' title='bbox 206 545 339 572; x_wconf 89' lang='lat' dir='ltr'>secum</span> <span class='ocrx_word' id='word_1_47' title='bbox 366 533 528 572; x_wconf 89' lang='lat' dir='ltr'>Parmae</span> <span class='ocrx_word' id='word_1_48' title='bbox 555 532 739 578; x_wconf 83' lang='lat' dir='ltr'>habebat,</span> <span class='ocrx_word' id='word_1_49' title='bbox 767 532 962 571; x_wconf 86' lang='lat' dir='ltr'>subitariis</span> <span class='ocrx_word' id='word_1_50' title='bbox 990 532 1158 571; x_wconf 85' lang='lat' dir='ltr'>collectis</span> <span class='ocrx_word' id='word_1_51' title='bbox 1180 531 1380 579; x_wconf 86' lang='lat' dir='ltr'>militibus,</span> <span class='ocrx_word' id='word_1_52' title='bbox 1403 532 1613 572; x_wconf 84' lang='lat' dir='ltr'>exercitum</span> 
     </span>
     <span class='ocr_line' id='line_1_8' title="bbox 203 589 780 639; baseline -0.005 -11"><span class='ocrx_word' id='word_1_53' title='bbox 203 589 252 628; x_wconf 90' lang='lat' dir='ltr'>ad</span> <span class='ocrx_word' id='word_1_54' title='bbox 273 589 369 628; x_wconf 83' lang='lat' dir='ltr'>fines</span> <span class='ocrx_word' id='word_1_55' title='bbox 390 589 577 639; x_wconf 88' lang='lat' dir='ltr'>Ligurum</span> <span class='ocrx_word' id='word_1_56' title='bbox 598 589 780 627; x_wconf 84' lang='lat' dir='ltr'>admovit.</span> 
     </span>
    </p>

    <p class='ocr_par' dir='ltr' id='par_1_4' title="bbox 155 642 1662 1200">
     <span class='ocr_line' id='line_1_9' title="bbox 318 642 1612 694; baseline 0 -10"><span class='ocrx_word' id='word_1_57' title='bbox 318 645 460 684; x_wconf 85' lang='lat' dir='ltr'>Hostes</span> <span class='ocrx_word' id='word_1_58' title='bbox 484 644 556 684; x_wconf 89' lang='lat' dir='ltr'>sub</span> <span class='ocrx_word' id='word_1_59' title='bbox 577 645 783 683; x_wconf 85' lang='lat' dir='ltr'>adventum</span> <span class='ocrx_word' id='word_1_60' title='bbox 805 643 843 682; x_wconf 90' lang='lat' dir='ltr'>C.</span> <span class='ocrx_word' id='word_1_61' title='bbox 866 642 1011 691; x_wconf 82' lang='lat' dir='ltr'>Claudi,</span> <span class='ocrx_word' id='word_1_62' title='bbox 1033 656 1052 682; x_wconf 91' lang='lat' dir='ltr'>a</span> <span class='ocrx_word' id='word_1_63' title='bbox 1075 656 1150 694; x_wconf 89' lang='lat' dir='ltr'>quo</span> <span class='ocrx_word' id='word_1_64' title='bbox 1174 643 1271 682; x_wconf 91' lang='lat' dir='ltr'>duce</span> <span class='ocrx_word' id='word_1_65' title='bbox 1292 656 1334 682; x_wconf 91' lang='lat' dir='ltr'>se</span> <span class='ocrx_word' id='word_1_66' title='bbox 1355 644 1612 684; x_wconf 80' lang='lat' dir='ltr'>meminerant</span> 
     </span>
     <span class='ocr_line' id='line_1_10' title="bbox 204 699 1662 752; baseline -0.001 -12"><span class='ocrx_word' id='word_1_67' title='bbox 204 713 331 752; x_wconf 89' lang='lat' dir='ltr'>nuper</span> <span class='ocrx_word' id='word_1_68' title='bbox 351 701 397 739; x_wconf 89' lang='lat' dir='ltr'>ad</span> <span class='ocrx_word' id='word_1_69' title='bbox 420 700 667 739; x_wconf 79' lang='lat' dir='ltr'>Scultennam</span> <span class='ocrx_word' id='word_1_70' title='bbox 689 700 834 739; x_wconf 86' lang='lat' dir='ltr'>flumen</span> <span class='ocrx_word' id='word_1_71' title='bbox 862 700 986 738; x_wconf 85' lang='lat' dir='ltr'>victos</span> <span class='ocrx_word' id='word_1_72' title='bbox 1014 699 1268 751; x_wconf 80' lang='lat' dir='ltr'>fugatosque,</span> <span class='ocrx_word' id='word_1_73' title='bbox 1289 700 1464 739; x_wconf 86' lang='lat' dir='ltr'>locorum</span> <span class='ocrx_word' id='word_1_74' title='bbox 1486 700 1611 751; x_wconf 89' lang='lat' dir='ltr'>magis</span> <span class='ocrx_word' id='word_1_75' title='bbox 1657 729 1662 733; x_wconf 83' lang='lat'>.</span> 
     </span>
     <span class='ocr_line' id='line_1_11' title="bbox 203 756 1610 808; baseline -0.001 -12"><span class='ocrx_word' id='word_1_76' title='bbox 203 757 397 808; x_wconf 87' lang='lat' dir='ltr'>praesidio</span> <span class='ocrx_word' id='word_1_77' title='bbox 420 757 606 795; x_wconf 86' lang='lat' dir='ltr'>adversus</span> <span class='ocrx_word' id='word_1_78' title='bbox 628 756 829 795; x_wconf 83' lang='lat' dir='ltr'>infeliciter</span> <span class='ocrx_word' id='word_1_79' title='bbox 856 762 1053 806; x_wconf 83' lang='lat' dir='ltr'>expertam</span> <span class='ocrx_word' id='word_1_80' title='bbox 1082 756 1158 794; x_wconf 91' lang='lat' dir='ltr'>vim</span> <span class='ocrx_word' id='word_1_81' title='bbox 1191 768 1305 807; x_wconf 89' lang='lat' dir='ltr'>quam</span> <span class='ocrx_word' id='word_1_82' title='bbox 1337 756 1456 795; x_wconf 89' lang='lat' dir='ltr'>armis</span> <span class='ocrx_word' id='word_1_83' title='bbox 1478 768 1521 795; x_wconf 90' lang='lat' dir='ltr'>se</span> <span class='ocrx_word' id='word_1_84' title='bbox 1542 757 1610 795; x_wconf 92' lang='lat' dir='ltr'>de-</span> 
     </span>
     <span class='ocr_line' id='line_1_12' title="bbox 203 812 1612 863; baseline -0.001 -11"><span class='ocrx_word' id='word_1_85' title='bbox 203 813 364 859; x_wconf 85' lang='lat' dir='ltr'>fensuri,</span> <span class='ocrx_word' id='word_1_86' title='bbox 386 813 490 852; x_wconf 85' lang='lat' dir='ltr'>duos</span> <span class='ocrx_word' id='word_1_87' title='bbox 507 818 661 851; x_wconf 90' lang='lat' dir='ltr'>montes</span> <span class='ocrx_word' id='word_1_88' title='bbox 682 812 820 851; x_wconf 88' lang='lat' dir='ltr'>Letum</span> <span class='ocrx_word' id='word_1_89' title='bbox 842 819 879 851; x_wconf 89' lang='lat' dir='ltr'>et</span> <span class='ocrx_word' id='word_1_90' title='bbox 898 812 1092 851; x_wconf 79' lang='lat' dir='ltr'>Ballistam</span> <span class='ocrx_word' id='word_1_91' title='bbox 1116 817 1314 863; x_wconf 84' lang='lat' dir='ltr'>ceperunt,</span> <span class='ocrx_word' id='word_1_92' title='bbox 1337 824 1530 863; x_wconf 86' lang='lat' dir='ltr'>muroque</span> <span class='ocrx_word' id='word_1_93' title='bbox 1550 813 1612 852; x_wconf 88' lang='lat' dir='ltr'>in-</span> 
     </span>
     <span class='ocr_line' id='line_1_13' title="bbox 155 868 1609 920; baseline -0.001 -12"><span class='ocrx_word' id='word_1_94' title='bbox 155 876 176 909; x_wconf 88' lang='lat'>2</span> <span class='ocrx_word' id='word_1_95' title='bbox 206 881 324 920; x_wconf 90' lang='lat' dir='ltr'>super</span> <span class='ocrx_word' id='word_1_96' title='bbox 355 869 521 920; x_wconf 84' lang='lat' dir='ltr'>amplexi</span> <span class='ocrx_word' id='word_1_97' title='bbox 549 876 647 908; x_wconf 81' lang='lat' dir='ltr'>sunt.</span> <span class='ocrx_word' id='word_1_98' title='bbox 689 868 835 908; x_wconf 88' lang='lat' dir='ltr'>tardius</span> <span class='ocrx_word' id='word_1_99' title='bbox 863 881 907 906; x_wconf 89' lang='lat' dir='ltr'>ex</span> <span class='ocrx_word' id='word_1_100' title='bbox 939 868 1039 918; x_wconf 88' lang='lat' dir='ltr'>agris</span> <span class='ocrx_word' id='word_1_101' title='bbox 1069 869 1326 920; x_wconf 85' lang='lat' dir='ltr'>demigrantes</span> <span class='ocrx_word' id='word_1_102' title='bbox 1355 868 1536 920; x_wconf 87' lang='lat' dir='ltr'>oppressi</span> <span class='ocrx_word' id='word_1_103' title='bbox 1562 869 1609 908; x_wconf 89' lang='lat' dir='ltr'>ad</span> 
     </span>
     <span class='ocr_line' id='line_1_14' title="bbox 205 924 1612 975; baseline 0 -11"><span class='ocrx_word' id='word_1_104' title='bbox 205 925 310 964; x_wconf 90' lang='lat' dir='ltr'>mille</span> <span class='ocrx_word' id='word_1_105' title='bbox 331 930 368 964; x_wconf 90' lang='lat' dir='ltr'>et</span> <span class='ocrx_word' id='word_1_106' title='bbox 389 925 589 975; x_wconf 87' lang='lat' dir='ltr'>quingenti</span> <span class='ocrx_word' id='word_1_107' title='bbox 610 925 828 975; x_wconf 84' lang='lat' dir='ltr'>perierunt3</span> <span class='ocrx_word' id='word_1_108' title='bbox 857 925 972 963; x_wconf 87' lang='lat' dir='ltr'>ceteri</span> <span class='ocrx_word' id='word_1_109' title='bbox 992 924 1194 963; x_wconf 79' lang='lat' dir='ltr'>montibus</span> <span class='ocrx_word' id='word_1_110' title='bbox 1217 937 1259 963; x_wconf 88' lang='lat' dir='ltr'>se</span> <span class='ocrx_word' id='word_1_111' title='bbox 1279 924 1482 972; x_wconf 87' lang='lat' dir='ltr'>tenebant,</span> <span class='ocrx_word' id='word_1_112' title='bbox 1506 929 1543 964; x_wconf 90' lang='lat' dir='ltr'>et</span> <span class='ocrx_word' id='word_1_113' title='bbox 1562 936 1612 964; x_wconf 85' lang='lat' dir='ltr'>ne</span> 
     </span>
     <span class='ocr_line' id='line_1_15' title="bbox 206 980 1611 1032; baseline 0.001 -13"><span class='ocrx_word' id='word_1_114' title='bbox 206 982 245 1019; x_wconf 91' lang='lat' dir='ltr'>in</span> <span class='ocrx_word' id='word_1_115' title='bbox 274 986 381 1019; x_wconf 91' lang='lat' dir='ltr'>metu</span> <span class='ocrx_word' id='word_1_116' title='bbox 409 981 563 1032; x_wconf 90' lang='lat' dir='ltr'>quidem</span> <span class='ocrx_word' id='word_1_117' title='bbox 591 981 753 1019; x_wconf 82' lang='lat' dir='ltr'>feritatis</span> <span class='ocrx_word' id='word_1_118' title='bbox 782 980 974 1031; x_wconf 85' lang='lat' dir='ltr'>ingenitae</span> <span class='ocrx_word' id='word_1_119' title='bbox 1003 980 1110 1020; x_wconf 88' lang='lat' dir='ltr'>obliti</span> <span class='ocrx_word' id='word_1_120' title='bbox 1146 981 1321 1020; x_wconf 86' lang='lat' dir='ltr'>saeviunt</span> <span class='ocrx_word' id='word_1_121' title='bbox 1347 981 1387 1019; x_wconf 90' lang='lat' dir='ltr'>in</span> <span class='ocrx_word' id='word_1_122' title='bbox 1415 981 1611 1032; x_wconf 89' lang='lat' dir='ltr'>praedam,</span> 
     </span>
     <span class='ocr_line' id='line_1_16' title="bbox 205 1036 1613 1088; baseline 0.001 -13"><span class='ocrx_word' id='word_1_123' title='bbox 205 1049 303 1087; x_wconf 87' lang='lat' dir='ltr'>quae</span> <span class='ocrx_word' id='word_1_124' title='bbox 323 1037 490 1075; x_wconf 90' lang='lat' dir='ltr'>Mutinae</span> <span class='ocrx_word' id='word_1_125' title='bbox 511 1042 618 1088; x_wconf 86' lang='lat' dir='ltr'>parta</span> <span class='ocrx_word' id='word_1_126' title='bbox 647 1042 738 1076; x_wconf 88' lang='lat' dir='ltr'>erat.</span> <span class='ocrx_word' id='word_1_127' title='bbox 781 1036 952 1087; x_wconf 90' lang='lat' dir='ltr'>captivos</span> <span class='ocrx_word' id='word_1_128' title='bbox 983 1049 1070 1075; x_wconf 90' lang='lat' dir='ltr'>cum</span> <span class='ocrx_word' id='word_1_129' title='bbox 1098 1037 1210 1076; x_wconf 87' lang='lat' dir='ltr'>foeda</span> <span class='ocrx_word' id='word_1_130' title='bbox 1237 1036 1466 1076; x_wconf 84' lang='lat' dir='ltr'>laceratione</span> <span class='ocrx_word' id='word_1_131' title='bbox 1493 1037 1613 1076; x_wconf 85' lang='lat' dir='ltr'>inter-</span> 
     </span>
     <span class='ocr_line' id='line_1_17' title="bbox 205 1092 1612 1144; baseline 0.001 -14"><span class='ocrx_word' id='word_1_132' title='bbox 205 1093 351 1141; x_wconf 86' lang='lat' dir='ltr'>ficiunt,</span> <span class='ocrx_word' id='word_1_133' title='bbox 372 1105 514 1144; x_wconf 88' lang='lat' dir='ltr'>pecora</span> <span class='ocrx_word' id='word_1_134' title='bbox 554 1093 591 1131; x_wconf 92' lang='lat' dir='ltr'>in</span> <span class='ocrx_word' id='word_1_135' title='bbox 612 1092 711 1131; x_wconf 87' lang='lat' dir='ltr'>fanis</span> <span class='ocrx_word' id='word_1_136' title='bbox 732 1094 926 1132; x_wconf 88' lang='lat' dir='ltr'>trucidant</span> <span class='ocrx_word' id='word_1_137' title='bbox 947 1093 1072 1132; x_wconf 91' lang='lat' dir='ltr'>verius</span> <span class='ocrx_word' id='word_1_138' title='bbox 1094 1093 1240 1143; x_wconf 87' lang='lat' dir='ltr'>passim</span> <span class='ocrx_word' id='word_1_139' title='bbox 1263 1105 1379 1144; x_wconf 91' lang='lat' dir='ltr'>quam</span> <span class='ocrx_word' id='word_1_140' title='bbox 1400 1093 1471 1132; x_wconf 90' lang='lat' dir='ltr'>rite</span> <span class='ocrx_word' id='word_1_141' title='bbox 1492 1093 1612 1132; x_wconf 86' lang='lat' dir='ltr'>sacri-</span> 
     </span>
     <span class='ocr_line' id='line_1_18' title="bbox 156 1148 1614 1200; baseline -0.001 -11"><span class='ocrx_word' id='word_1_142' title='bbox 156 1157 178 1189; x_wconf 84' lang='lat'>4</span> <span class='ocrx_word' id='word_1_143' title='bbox 206 1149 331 1187; x_wconf 86' lang='lat' dir='ltr'>ficant.</span> <span class='ocrx_word' id='word_1_144' title='bbox 373 1149 498 1188; x_wconf 89' lang='lat' dir='ltr'>satiati</span> <span class='ocrx_word' id='word_1_145' title='bbox 529 1149 642 1188; x_wconf 88' lang='lat' dir='ltr'>caede</span> <span class='ocrx_word' id='word_1_146' title='bbox 668 1149 940 1195; x_wconf 88' lang='lat' dir='ltr'>animantium,</span> <span class='ocrx_word' id='word_1_147' title='bbox 969 1161 1066 1200; x_wconf 91' lang='lat' dir='ltr'>quae</span> <span class='ocrx_word' id='word_1_148' title='bbox 1085 1149 1254 1188; x_wconf 88' lang='lat' dir='ltr'>inanima</span> <span class='ocrx_word' id='word_1_149' title='bbox 1276 1153 1386 1188; x_wconf 87' lang='lat' dir='ltr'>erant</span> <span class='ocrx_word' id='word_1_150' title='bbox 1405 1148 1614 1200; x_wconf 90' lang='lat' dir='ltr'>parietibus</span> 
     </span>
    </p>

    <p class='ocr_par' dir='ltr' id='par_1_5' title="bbox 158 1204 1615 1594">
     <span class='ocr_line' id='line_1_19' title="bbox 206 1204 1614 1256; baseline 0.001 -13"><span class='ocrx_word' id='word_1_151' title='bbox 206 1204 401 1255; x_wconf 86' lang='lat' dir='ltr'>adfligunt,</span> <span class='ocrx_word' id='word_1_152' title='bbox 430 1217 519 1244; x_wconf 83' lang='lat' dir='ltr'>vasa</span> <span class='ocrx_word' id='word_1_153' title='bbox 549 1205 676 1244; x_wconf 91' lang='lat' dir='ltr'>omnis</span> <span class='ocrx_word' id='word_1_154' title='bbox 711 1206 863 1255; x_wconf 88' lang='lat' dir='ltr'>generis</span> <span class='ocrx_word' id='word_1_155' title='bbox 891 1205 979 1244; x_wconf 91' lang='lat' dir='ltr'>usui</span> <span class='ocrx_word' id='word_1_156' title='bbox 1007 1205 1129 1256; x_wconf 87' lang='lat' dir='ltr'>magis</span> <span class='ocrx_word' id='word_1_157' title='bbox 1159 1217 1276 1256; x_wconf 91' lang='lat' dir='ltr'>quam</span> <span class='ocrx_word' id='word_1_158' title='bbox 1306 1210 1536 1245; x_wconf 89' lang='lat' dir='ltr'>ornamento</span> <span class='ocrx_word' id='word_1_159' title='bbox 1561 1205 1614 1255; x_wconf 92' lang='lat' dir='ltr'>[in</span> 
     </span>
     <span class='ocr_line' id='line_1_20' title="bbox 159 1260 1615 1311; baseline -0.001 -10"><span class='ocrx_word' id='word_1_160' title='bbox 159 1270 178 1301; x_wconf 93' lang='lat'>5</span> <span class='ocrx_word' id='word_1_161' title='bbox 209 1261 390 1311; x_wconf 90' lang='lat' dir='ltr'>speciem]</span> <span class='ocrx_word' id='word_1_162' title='bbox 415 1260 525 1301; x_wconf 85' lang='lat' dir='ltr'>facta.</span> <span class='ocrx_word' id='word_1_163' title='bbox 569 1261 615 1308; x_wconf 90' lang='lat' dir='ltr'>Q.</span> <span class='ocrx_word' id='word_1_164' title='bbox 645 1261 816 1301; x_wconf 86' lang='lat' dir='ltr'>Petillius</span> <span class='ocrx_word' id='word_1_165' title='bbox 846 1261 1000 1308; x_wconf 86' lang='lat' dir='ltr'>consul,</span> <span class='ocrx_word' id='word_1_166' title='bbox 1028 1274 1078 1300; x_wconf 89' lang='lat' dir='ltr'>ne</span> <span class='ocrx_word' id='word_1_167' title='bbox 1105 1261 1266 1300; x_wconf 88' lang='lat' dir='ltr'>absente</span> <span class='ocrx_word' id='word_1_168' title='bbox 1287 1274 1329 1300; x_wconf 91' lang='lat' dir='ltr'>se</span> <span class='ocrx_word' id='word_1_169' title='bbox 1350 1261 1615 1309; x_wconf 88' lang='lat' dir='ltr'>debellaretur,</span> 
     </span>
     <span class='ocr_line' id='line_1_21' title="bbox 207 1316 1615 1362; baseline 0.001 -7"><span class='ocrx_word' id='word_1_170' title='bbox 207 1317 355 1356; x_wconf 89' lang='lat' dir='ltr'>litteras</span> <span class='ocrx_word' id='word_1_171' title='bbox 383 1318 429 1356; x_wconf 90' lang='lat' dir='ltr'>ad</span> <span class='ocrx_word' id='word_1_172' title='bbox 460 1317 499 1356; x_wconf 91' lang='lat' dir='ltr'>C.</span> <span class='ocrx_word' id='word_1_173' title='bbox 528 1316 726 1356; x_wconf 88' lang='lat' dir='ltr'>Claudium</span> <span class='ocrx_word' id='word_1_174' title='bbox 750 1318 871 1362; x_wconf 87' lang='lat' dir='ltr'>misit,</span> <span class='ocrx_word' id='word_1_175' title='bbox 902 1322 945 1357; x_wconf 91' lang='lat' dir='ltr'>ut</span> <span class='ocrx_word' id='word_1_176' title='bbox 965 1330 1051 1357; x_wconf 91' lang='lat' dir='ltr'>cum</span> <span class='ocrx_word' id='word_1_177' title='bbox 1074 1318 1242 1357; x_wconf 86' lang='lat' dir='ltr'>exercitu</span> <span class='ocrx_word' id='word_1_178' title='bbox 1263 1318 1309 1357; x_wconf 91' lang='lat' dir='ltr'>ad</span> <span class='ocrx_word' id='word_1_179' title='bbox 1331 1329 1374 1356; x_wconf 91' lang='lat' dir='ltr'>se</span> <span class='ocrx_word' id='word_1_180' title='bbox 1395 1317 1433 1356; x_wconf 94' lang='lat' dir='ltr'>in</span> <span class='ocrx_word' id='word_1_181' title='bbox 1456 1317 1615 1357; x_wconf 90' lang='lat' dir='ltr'>Galliam</span> 
     </span>
     <span class='ocr_line' id='line_1_22' title="bbox 158 1372 1613 1426; baseline 0.002 -15"><span class='ocrx_word' id='word_1_182' title='bbox 158 1378 178 1410; x_wconf 84' lang='lat'><strong>6</strong></span> <span class='ocrx_word' id='word_1_183' title='bbox 206 1373 371 1411; x_wconf 86' lang='lat' dir='ltr'>veniret:</span> <span class='ocrx_word' id='word_1_184' title='bbox 401 1372 547 1423; x_wconf 88' lang='lat' dir='ltr'>eampis</span> <span class='ocrx_word' id='word_1_185' title='bbox 578 1373 713 1412; x_wconf 87' lang='lat' dir='ltr'>Macris</span> <span class='ocrx_word' id='word_1_186' title='bbox 744 1386 786 1412; x_wconf 90' lang='lat' dir='ltr'>se</span> <span class='ocrx_word' id='word_1_187' title='bbox 816 1386 904 1413; x_wconf 89' lang='lat' dir='ltr'>eum</span> <span class='ocrx_word' id='word_1_188' title='bbox 933 1379 1239 1424; x_wconf 81' lang='lat' dir='ltr'>expectaturum.</span> <span class='ocrx_word' id='word_1_189' title='bbox 1279 1374 1415 1413; x_wconf 87' lang='lat' dir='ltr'>litteris</span> <span class='ocrx_word' id='word_1_190' title='bbox 1445 1374 1613 1426; x_wconf 88' lang='lat' dir='ltr'>acceptis</span> 
     </span>
     <span class='ocr_line' id='line_1_23' title="bbox 206 1428 1614 1482; baseline 0.001 -15"><span class='ocrx_word' id='word_1_191' title='bbox 206 1428 385 1468; x_wconf 85' lang='lat' dir='ltr'>Claudius</span> <span class='ocrx_word' id='word_1_192' title='bbox 416 1442 460 1467; x_wconf 88' lang='lat' dir='ltr'>ex</span> <span class='ocrx_word' id='word_1_193' title='bbox 487 1429 695 1480; x_wconf 87' lang='lat' dir='ltr'>Liguribus</span> <span class='ocrx_word' id='word_1_194' title='bbox 731 1435 856 1469; x_wconf 88' lang='lat' dir='ltr'>castra</span> <span class='ocrx_word' id='word_1_195' title='bbox 890 1430 1012 1468; x_wconf 89' lang='lat' dir='ltr'>movit</span> <span class='ocrx_word' id='word_1_196' title='bbox 1048 1431 1336 1481; x_wconf 87' lang='lat' dir='ltr'>exercitumque</span> <span class='ocrx_word' id='word_1_197' title='bbox 1373 1430 1420 1469; x_wconf 87' lang='lat' dir='ltr'>ad</span> <span class='ocrx_word' id='word_1_198' title='bbox 1454 1442 1614 1482; x_wconf 87' lang='lat' dir='ltr'>campos</span> 
     </span>
     <span class='ocr_line' id='line_1_24' title="bbox 206 1485 1613 1537; baseline 0.001 -14"><span class='ocrx_word' id='word_1_199' title='bbox 206 1485 357 1524; x_wconf 86' lang='lat' dir='ltr'>Macros</span> <span class='ocrx_word' id='word_1_200' title='bbox 379 1485 529 1524; x_wconf 88' lang='lat' dir='ltr'>consuli</span> <span class='ocrx_word' id='word_1_201' title='bbox 553 1485 718 1524; x_wconf 85' lang='lat' dir='ltr'>tradidit.</span> <span class='ocrx_word' id='word_1_202' title='bbox 760 1486 897 1525; x_wconf 89' lang='lat' dir='ltr'>eodem</span> <span class='ocrx_word' id='word_1_203' title='bbox 923 1487 1123 1536; x_wconf 89' lang='lat' dir='ltr'>[tempore]</span> <span class='ocrx_word' id='word_1_204' title='bbox 1149 1488 1282 1537; x_wconf 87' lang='lat' dir='ltr'>paucis</span> <span class='ocrx_word' id='word_1_205' title='bbox 1305 1492 1397 1537; x_wconf 90' lang='lat' dir='ltr'>post</span> <span class='ocrx_word' id='word_1_206' title='bbox 1417 1486 1550 1526; x_wconf 89' lang='lat' dir='ltr'>diebus</span> <span class='ocrx_word' id='word_1_207' title='bbox 1574 1486 1613 1526; x_wconf 93' lang='lat' dir='ltr'>C.</span> 
     </span>
     <span class='ocr_line' id='line_1_25' title="bbox 160 1541 1613 1594; baseline 0.001 -15"><span class='ocrx_word' id='word_1_208' title='bbox 160 1549 179 1580; x_wconf 85' lang='lat'>7</span> <span class='ocrx_word' id='word_1_209' title='bbox 210 1541 380 1580; x_wconf 91' lang='lat' dir='ltr'>Valerius</span> <span class='ocrx_word' id='word_1_210' title='bbox 409 1541 546 1580; x_wconf 88' lang='lat' dir='ltr'>consul</span> <span class='ocrx_word' id='word_1_211' title='bbox 575 1541 668 1580; x_wconf 89' lang='lat' dir='ltr'>alter</span> <span class='ocrx_word' id='word_1_212' title='bbox 694 1542 806 1581; x_wconf 89' lang='lat' dir='ltr'>venit.</span> <span class='ocrx_word' id='word_1_213' title='bbox 848 1542 901 1581; x_wconf 91' lang='lat' dir='ltr'>ibi</span> <span class='ocrx_word' id='word_1_214' title='bbox 936 1542 1067 1581; x_wconf 87' lang='lat' dir='ltr'>divisis</span> <span class='ocrx_word' id='word_1_215' title='bbox 1096 1543 1238 1593; x_wconf 81' lang='lat' dir='ltr'>copiiS,</span> <span class='ocrx_word' id='word_1_216' title='bbox 1260 1545 1376 1594; x_wconf 80' lang='lat' dir='ltr'>prius</span> <span class='ocrx_word' id='word_1_217' title='bbox 1410 1554 1526 1593; x_wconf 89' lang='lat' dir='ltr'>quam</span> <span class='ocrx_word' id='word_1_218' title='bbox 1553 1542 1613 1581; x_wconf 91' lang='lat' dir='ltr'>di—</span> 
     </span>
    </p>
   </div>
   <div class='ocr_carea' id='block_1_4' title="bbox 127 646 182 685">
    <p class='ocr_par' dir='ltr' id='par_1_6' title="bbox 127 646 182 685">
     <span class='ocr_line' id='line_1_26' title="bbox 127 646 182 685; baseline 0 0"><span class='ocrx_word' id='word_1_219' title='bbox 127 646 182 685; x_wconf 90' lang='lat'>18</span> 
     </span>
    </p>
   </div>
   <div class='ocr_carea' id='block_1_5' title="bbox 157 931 176 962">
    <p class='ocr_par' dir='ltr' id='par_1_7' title="bbox 157 931 176 962">
     <span class='ocr_line' id='line_1_27' title="bbox 157 931 176 962; textangle 90"><span class='ocrx_word' id='word_1_220' title='bbox 157 931 176 962; x_wconf 69' lang='grc' dir='ltr'>ω</span> 
     </span>
    </p>
   </div>
   <div class='ocr_carea' id='block_1_6' title="bbox 203 1640 875 2669">
    <p class='ocr_par' dir='ltr' id='par_1_8' title="bbox 205 1640 875 1950">
     <span class='ocr_line' id='line_1_28' title="bbox 206 1640 872 1683; baseline 0.002 -11"><span class='ocrx_word' id='word_1_221' title='bbox 206 1641 277 1681; x_wconf 67' lang='lat' dir='ltr'>len,</span> <span class='ocrx_word' id='word_1_222' title='bbox 303 1651 364 1672; x_wconf 88' lang='lat' dir='ltr'>zur</span> <span class='ocrx_word' id='word_1_223' title='bbox 381 1640 485 1672; x_wconf 87' lang='lat' dir='ltr'>Sache</span> <span class='ocrx_word' id='word_1_224' title='bbox 509 1641 576 1681; x_wconf 84' lang='lat' dir='ltr'>vgl.</span> <span class='ocrx_word' id='word_1_225' title='bbox 601 1641 654 1679; x_wconf 87' lang='lat'>40,</span> <span class='ocrx_word' id='word_1_226' title='bbox 680 1641 732 1683; x_wconf 83' lang='lat'>26,</span> <span class='ocrx_word' id='word_1_227' title='bbox 756 1642 793 1680; x_wconf 82' lang='lat'>83</span> <span class='ocrx_word' id='word_1_228' title='bbox 818 1641 872 1682; x_wconf 84' lang='lat'>28,</span> 
     </span>
     <span class='ocr_line' id='line_1_29' title="bbox 207 1687 875 1729; baseline 0.001 -12"><span class='ocrx_word' id='word_1_229' title='bbox 207 1687 238 1717; x_wconf 90' lang='lat'>7.</span> <span class='ocrx_word' id='word_1_230' title='bbox 254 1703 297 1708; x_wconf 94' lang='lat'>—</span> <span class='ocrx_word' id='word_1_231' title='bbox 310 1688 483 1718; x_wconf 75' lang='lat' dir='ltr'>maritum.</span> <span class='ocrx_word' id='word_1_232' title='bbox 499 1689 632 1727; x_wconf 62' lang='lat' dir='ltr'>terror„</span> <span class='ocrx_word' id='word_1_233' title='bbox 646 1687 707 1718; x_wconf 85' lang='lat' dir='ltr'>wie</span> <span class='ocrx_word' id='word_1_234' title='bbox 721 1690 875 1729; x_wconf 78' lang='lat' dir='ltr'>equester</span> 
     </span>
     <span class='ocr_line' id='line_1_30' title="bbox 205 1730 873 1771; baseline 0.001 -9"><span class='ocrx_word' id='word_1_235' title='bbox 205 1734 318 1763; x_wconf 75' lang='lat' dir='ltr'>terror</span> <span class='ocrx_word' id='word_1_236' title='bbox 330 1730 384 1771; x_wconf 91' lang='lat'>27,</span> <span class='ocrx_word' id='word_1_237' title='bbox 402 1730 456 1771; x_wconf 86' lang='lat'>42,</span> <span class='ocrx_word' id='word_1_238' title='bbox 475 1731 494 1762; x_wconf 91' lang='lat'>2</span> <span class='ocrx_word' id='word_1_239' title='bbox 510 1742 540 1762; x_wconf 94' lang='lat' dir='ltr'>u.</span> <span class='ocrx_word' id='word_1_240' title='bbox 556 1741 585 1762; x_wconf 88' lang='lat' dir='ltr'>a.</span> <span class='ocrx_word' id='word_1_241' title='bbox 599 1749 643 1754; x_wconf 84' lang='lat'>——</span> <span class='ocrx_word' id='word_1_242' title='bbox 660 1731 774 1763; x_wconf 81' lang='lat' dir='ltr'>eodem</span> <span class='ocrx_word' id='word_1_243' title='bbox 790 1733 873 1771; x_wconf 61' lang='lat' dir='ltr'>Pis„</span> 
     </span>
     <span class='ocr_line' id='line_1_31' title="bbox 207 1775 873 1818; baseline 0.002 -12"><span class='ocrx_word' id='word_1_244' title='bbox 207 1787 233 1806; x_wconf 87' lang='lat' dir='ltr'>s.</span> <span class='ocrx_word' id='word_1_245' title='bbox 249 1775 303 1816; x_wconf 89' lang='lat'>42,</span> <span class='ocrx_word' id='word_1_246' title='bbox 318 1775 371 1813; x_wconf 78' lang='grc'>47,</span> <span class='ocrx_word' id='word_1_247' title='bbox 386 1776 417 1807; x_wconf 89' lang='grc'>9.</span> <span class='ocrx_word' id='word_1_248' title='bbox 432 1794 471 1798; x_wconf 84' lang='lat'>——-</span> <span class='ocrx_word' id='word_1_249' title='bbox 489 1776 533 1808; x_wconf 87' lang='lat' dir='ltr'>ad</span> <span class='ocrx_word' id='word_1_250' title='bbox 545 1776 767 1816; x_wconf 79' lang='lat' dir='ltr'>eonvem&#39;end.‚</span> <span class='ocrx_word' id='word_1_251' title='bbox 781 1787 808 1809; x_wconf 92' lang='lat' dir='ltr'>c.</span> <span class='ocrx_word' id='word_1_252' title='bbox 823 1777 873 1818; x_wconf 87' lang='grc'>10,</span> 
     </span>
     <span class='ocr_line' id='line_1_32' title="bbox 210 1820 873 1861; baseline 0.003 -10"><span class='ocrx_word' id='word_1_253' title='bbox 210 1820 261 1852; x_wconf 94' lang='grc'>11.</span> <span class='ocrx_word' id='word_1_254' title='bbox 280 1838 325 1843; x_wconf 88' lang='lat'>—</span> <span class='ocrx_word' id='word_1_255' title='bbox 343 1821 499 1860; x_wconf 79' lang='lat' dir='ltr'>Parmae,</span> <span class='ocrx_word' id='word_1_256' title='bbox 519 1831 546 1852; x_wconf 89' lang='lat' dir='ltr'>c.</span> <span class='ocrx_word' id='word_1_257' title='bbox 569 1821 619 1861; x_wconf 78' lang='lat'>16,</span> <span class='ocrx_word' id='word_1_258' title='bbox 645 1820 664 1852; x_wconf 87' lang='grc'>8</span> <span class='ocrx_word' id='word_1_259' title='bbox 682 1822 771 1853; x_wconf 87' lang='lat' dir='ltr'>steht</span> <span class='ocrx_word' id='word_1_260' title='bbox 788 1832 825 1853; x_wconf 86' lang='lat' dir='ltr'>er</span> <span class='ocrx_word' id='word_1_261' title='bbox 843 1822 873 1852; x_wconf 90' lang='lat' dir='ltr'>in</span> 
     </span>
     <span class='ocr_line' id='line_1_33' title="bbox 207 1864 875 1906; baseline 0.003 -10"><span class='ocrx_word' id='word_1_262' title='bbox 207 1864 345 1896; x_wconf 85' lang='lat' dir='ltr'>Mutina.</span> <span class='ocrx_word' id='word_1_263' title='bbox 363 1884 405 1887; x_wconf 97' lang='lat'><strong>—</strong></span> <span class='ocrx_word' id='word_1_264' title='bbox 424 1867 581 1904; x_wconf 63' lang='lat' dir='ltr'>subitan,</span> <span class='ocrx_word' id='word_1_265' title='bbox 605 1876 720 1906; x_wconf 82' lang='lat' dir='ltr'>wegen</span> <span class='ocrx_word' id='word_1_266' title='bbox 738 1868 797 1898; x_wconf 85' lang='lat' dir='ltr'>des</span> <span class='ocrx_word' id='word_1_267' title='bbox 822 1871 875 1898; x_wconf 89' lang='lat' dir='ltr'>tu-</span> 
     </span>
     <span class='ocr_line' id='line_1_34' title="bbox 205 1910 739 1950; baseline 0.004 -10"><span class='ocrx_word' id='word_1_268' title='bbox 205 1910 343 1949; x_wconf 81' lang='lat' dir='ltr'>multus,</span> <span class='ocrx_word' id='word_1_269' title='bbox 362 1920 388 1941; x_wconf 88' lang='lat' dir='ltr'>s.</span> <span class='ocrx_word' id='word_1_270' title='bbox 407 1910 461 1947; x_wconf 82' lang='lat'>40,</span> <span class='ocrx_word' id='word_1_271' title='bbox 481 1910 534 1950; x_wconf 85' lang='lat'>26,</span> <span class='ocrx_word' id='word_1_272' title='bbox 555 1911 591 1949; x_wconf 80' lang='lat'>73</span> <span class='ocrx_word' id='word_1_273' title='bbox 612 1910 666 1950; x_wconf 76' lang='lat'>28,</span> <span class='ocrx_word' id='word_1_274' title='bbox 688 1911 739 1942; x_wconf 83' lang='lat'>10.</span> 
     </span>
    </p>

    <p class='ocr_par' dir='ltr' id='par_1_9' title="bbox 203 1948 874 2669">
     <span class='ocr_line' id='line_1_35' title="bbox 253 1948 874 1994; baseline 0.002 -8"><span class='ocrx_word' id='word_1_275' title='bbox 253 1948 320 1986; x_wconf 83' lang='lat'>18.</span> <span class='ocrx_word' id='word_1_276' title='bbox 342 1954 427 1986; x_wconf 75' lang='lat'>1-4.</span> <span class='ocrx_word' id='word_1_277' title='bbox 441 1955 668 1993; x_wconf 78' lang='lat' dir='ltr'>Scultennam,</span> <span class='ocrx_word' id='word_1_278' title='bbox 684 1966 711 1987; x_wconf 87' lang='lat' dir='ltr'>c.</span> <span class='ocrx_word' id='word_1_279' title='bbox 729 1955 780 1994; x_wconf 87' lang='lat'>12,</span> <span class='ocrx_word' id='word_1_280' title='bbox 795 1955 874 1987; x_wconf 86' lang='lat'>8.—</span> 
     </span>
     <span class='ocr_line' id='line_1_36' title="bbox 204 1998 873 2037; baseline 0.003 -8"><span class='ocrx_word' id='word_1_281' title='bbox 204 1998 346 2037; x_wconf 64' lang='lat' dir='ltr'>Balhzet„</span> <span class='ocrx_word' id='word_1_282' title='bbox 356 1998 408 2037; x_wconf 85' lang='lat'>39,</span> <span class='ocrx_word' id='word_1_283' title='bbox 419 1999 449 2037; x_wconf 91' lang='lat'>2,</span> <span class='ocrx_word' id='word_1_284' title='bbox 459 2000 489 2030; x_wconf 86' lang='lat'>7.</span> <span class='ocrx_word' id='word_1_285' title='bbox 501 2018 542 2022; x_wconf 74' lang='lat'>—-</span> <span class='ocrx_word' id='word_1_286' title='bbox 556 2000 768 2036; x_wconf 72' lang='lat' dir='ltr'>suntwiirde,</span> <span class='ocrx_word' id='word_1_287' title='bbox 778 2011 873 2031; x_wconf 89' lang='lat' dir='ltr'>wenn</span> 
     </span>
     <span class='ocr_line' id='line_1_37' title="bbox 203 2043 874 2086; baseline 0.003 -12"><span class='ocrx_word' id='word_1_288' title='bbox 203 2053 370 2085; x_wconf 81' lang='lat' dir='ltr'>muroque</span> <span class='ocrx_word' id='word_1_289' title='bbox 394 2043 512 2082; x_wconf 75' lang='lat' dir='ltr'>riehtig</span> <span class='ocrx_word' id='word_1_290' title='bbox 535 2044 594 2084; x_wconf 85' lang='lat' dir='ltr'>ist,</span> <span class='ocrx_word' id='word_1_291' title='bbox 621 2044 709 2075; x_wconf 87' lang='lat' dir='ltr'>nicht</span> <span class='ocrx_word' id='word_1_292' title='bbox 734 2046 874 2086; x_wconf 80' lang='lat' dir='ltr'>passend</span> 
     </span>
     <span class='ocr_line' id='line_1_38' title="bbox 205 2086 874 2125; baseline 0.003 -7"><span class='ocrx_word' id='word_1_293' title='bbox 205 2086 334 2125; x_wconf 74' lang='lat' dir='ltr'>sehlen3</span> <span class='ocrx_word' id='word_1_294' title='bbox 359 2088 440 2119; x_wconf 86' lang='lat' dir='ltr'>doch</span> <span class='ocrx_word' id='word_1_295' title='bbox 460 2088 542 2119; x_wconf 85' lang='lat' dir='ltr'>wird</span> <span class='ocrx_word' id='word_1_296' title='bbox 565 2089 646 2119; x_wconf 81' lang='lat' dir='ltr'>auch</span> <span class='ocrx_word' id='word_1_297' title='bbox 670 2099 769 2121; x_wconf 82' lang='lat' dir='ltr'>muro</span> <span class='ocrx_word' id='word_1_298' title='bbox 794 2090 874 2120; x_wconf 86' lang='lat' dir='ltr'>oder</span> 
     </span>
     <span class='ocr_line' id='line_1_39' title="bbox 205 2134 872 2174; baseline 0 -10"><span class='ocrx_word' id='word_1_299' title='bbox 205 2143 305 2164; x_wconf 86' lang='lat' dir='ltr'>muro</span> <span class='ocrx_word' id='word_1_300' title='bbox 319 2134 492 2174; x_wconf 82' lang='lat' dir='ltr'>fassaque</span> <span class='ocrx_word' id='word_1_301' title='bbox 509 2143 622 2169; x_wconf 65' lang='lat' dir='ltr'>verm„</span> <span class='ocrx_word' id='word_1_302' title='bbox 647 2134 714 2173; x_wconf 76' lang='lat' dir='ltr'>vgl.</span> <span class='ocrx_word' id='word_1_303' title='bbox 741 2134 794 2173; x_wconf 72' lang='lat'>38,</span> <span class='ocrx_word' id='word_1_304' title='bbox 822 2134 872 2173; x_wconf 93' lang='grc'>19,</span> 
     </span>
     <span class='ocr_line' id='line_1_40' title="bbox 206 2178 874 2219; baseline 0.003 -11"><span class='ocrx_word' id='word_1_305' title='bbox 206 2178 242 2208; x_wconf 91' lang='lat'>5:</span> <span class='ocrx_word' id='word_1_306' title='bbox 265 2178 408 2219; x_wconf 73' lang='lat' dir='ltr'>fossam</span> <span class='ocrx_word' id='word_1_307' title='bbox 442 2188 570 2219; x_wconf 80' lang='lat' dir='ltr'>quoque</span> <span class='ocrx_word' id='word_1_308' title='bbox 601 2181 633 2209; x_wconf 71' lang='lat' dir='ltr'>ee</span> <span class='ocrx_word' id='word_1_309' title='bbox 665 2178 732 2209; x_wconf 78' lang='lat' dir='ltr'>alin</span> <span class='ocrx_word' id='word_1_310' title='bbox 764 2181 874 2210; x_wconf 83' lang='lat' dir='ltr'>umm&#39;-</span> 
     </span>
     <span class='ocr_line' id='line_1_41' title="bbox 205 2223 869 2255; baseline 0.003 -2"><span class='ocrx_word' id='word_1_311' title='bbox 205 2224 320 2254; x_wconf 74' lang='lat' dir='ltr'>menta</span> <span class='ocrx_word' id='word_1_312' title='bbox 335 2223 512 2254; x_wconf 72' lang='lat' dir='ltr'>verticibus</span> <span class='ocrx_word' id='word_1_313' title='bbox 531 2241 550 2245; x_wconf 79' lang='lat'>—</span> <span class='ocrx_word' id='word_1_314' title='bbox 567 2224 812 2255; x_wconf 70' lang='lat' dir='ltr'>circumiacere.</span> <span class='ocrx_word' id='word_1_315' title='bbox 830 2242 869 2246; x_wconf 80' lang='lat'>—</span> 
     </span>
     <span class='ocr_line' id='line_1_42' title="bbox 206 2266 871 2306; baseline 0.003 -8"><span class='ocrx_word' id='word_1_316' title='bbox 206 2266 349 2306; x_wconf 72' lang='lat' dir='ltr'>tardius,</span> <span class='ocrx_word' id='word_1_317' title='bbox 369 2266 435 2306; x_wconf 79' lang='lat' dir='ltr'>vgl.</span> <span class='ocrx_word' id='word_1_318' title='bbox 455 2267 508 2306; x_wconf 97' lang='grc'>21,</span> <span class='ocrx_word' id='word_1_319' title='bbox 532 2268 585 2304; x_wconf 73' lang='grc'>47,</span> <span class='ocrx_word' id='word_1_320' title='bbox 610 2268 644 2298; x_wconf 79' lang='lat'>3:</span> <span class='ocrx_word' id='word_1_321' title='bbox 669 2271 871 2300; x_wconf 70' lang='lat' dir='ltr'>moratores.</span> 
     </span>
     <span class='ocr_line' id='line_1_43' title="bbox 206 2312 873 2353; baseline 0.003 -11"><span class='ocrx_word' id='word_1_322' title='bbox 206 2330 251 2335; x_wconf 91' lang='lat'>—-</span> <span class='ocrx_word' id='word_1_323' title='bbox 270 2312 374 2353; x_wconf 62' lang='lat' dir='ltr'>ser-it.</span> <span class='ocrx_word' id='word_1_324' title='bbox 404 2314 534 2352; x_wconf 57' lang='lat' dir='ltr'>ingen„</span> <span class='ocrx_word' id='word_1_325' title='bbox 569 2313 660 2343; x_wconf 73' lang='lat' dir='ltr'>diosc</span> <span class='ocrx_word' id='word_1_326' title='bbox 690 2314 732 2344; x_wconf 82' lang='lat' dir='ltr'>ist</span> <span class='ocrx_word' id='word_1_327' title='bbox 762 2314 873 2344; x_wconf 80' lang='lat' dir='ltr'>bisher</span> 
     </span>
     <span class='ocr_line' id='line_1_44' title="bbox 208 2357 872 2400; baseline 0 -13"><span class='ocrx_word' id='word_1_328' title='bbox 208 2357 290 2387; x_wconf 84' lang='lat' dir='ltr'>noch</span> <span class='ocrx_word' id='word_1_329' title='bbox 317 2357 406 2388; x_wconf 79' lang='lat' dir='ltr'>nicht</span> <span class='ocrx_word' id='word_1_330' title='bbox 429 2358 597 2395; x_wconf 76' lang='lat' dir='ltr'>erwiihnt,</span> <span class='ocrx_word' id='word_1_331' title='bbox 622 2358 687 2395; x_wconf 71' lang='lat' dir='ltr'>vgl.</span> <span class='ocrx_word' id='word_1_332' title='bbox 708 2359 761 2395; x_wconf 76' lang='grc'>39,</span> <span class='ocrx_word' id='word_1_333' title='bbox 790 2359 815 2400; x_wconf 89' lang='grc'>1,</span> <span class='ocrx_word' id='word_1_334' title='bbox 841 2358 872 2397; x_wconf 77' lang='lat' dir='ltr'>ti,</span> 
     </span>
     <span class='ocr_line' id='line_1_45' title="bbox 206 2401 873 2442; baseline 0.003 -10"><span class='ocrx_word' id='word_1_335' title='bbox 206 2401 477 2433; x_wconf 82' lang='lat' dir='ltr'>wnhrscheinlich</span> <span class='ocrx_word' id='word_1_336' title='bbox 502 2402 793 2442; x_wconf 72' lang='lat' dir='ltr'>Aussehmiiekung</span> <span class='ocrx_word' id='word_1_337' title='bbox 824 2403 873 2434; x_wconf 76' lang='lat' dir='ltr'>ei-</span> 
     </span>
     <span class='ocr_line' id='line_1_46' title="bbox 207 2446 873 2489; baseline 0.002 -12"><span class='ocrx_word' id='word_1_338' title='bbox 207 2456 267 2477; x_wconf 79' lang='lat' dir='ltr'>nes</span> <span class='ocrx_word' id='word_1_339' title='bbox 282 2446 487 2478; x_wconf 75' lang='lat' dir='ltr'>Annalisten.</span> <span class='ocrx_word' id='word_1_340' title='bbox 501 2464 544 2470; x_wconf 89' lang='lat'>—</span> <span class='ocrx_word' id='word_1_341' title='bbox 558 2447 619 2478; x_wconf 83' lang='lat' dir='ltr'>ad-</span> <span class='ocrx_word' id='word_1_342' title='bbox 648 2449 831 2489; x_wconf 69' lang='lat' dir='ltr'>quingenti,</span> <span class='ocrx_word' id='word_1_343' title='bbox 846 2458 873 2479; x_wconf 91' lang='lat' dir='ltr'>s.</span> 
     </span>
     <span class='ocr_line' id='line_1_47' title="bbox 208 2491 872 2532; baseline 0.005 -11"><span class='ocrx_word' id='word_1_344' title='bbox 208 2491 262 2531; x_wconf 91' lang='grc'>27,</span> <span class='ocrx_word' id='word_1_345' title='bbox 276 2491 326 2530; x_wconf 90' lang='grc'>12,</span> <span class='ocrx_word' id='word_1_346' title='bbox 340 2491 376 2522; x_wconf 77' lang='grc'>16</span> <span class='ocrx_word' id='word_1_347' title='bbox 388 2502 396 2529; x_wconf 80' lang='lat'>3</span> <span class='ocrx_word' id='word_1_348' title='bbox 407 2491 460 2530; x_wconf 84' lang='lat'>29,</span> <span class='ocrx_word' id='word_1_349' title='bbox 472 2491 563 2531; x_wconf 82' lang='lat'>36‚5.</span> <span class='ocrx_word' id='word_1_350' title='bbox 575 2502 700 2523; x_wconf 84' lang='lat' dir='ltr'>—cum</span> <span class='ocrx_word' id='word_1_351' title='bbox 710 2494 760 2532; x_wconf 83' lang='lat' dir='ltr'>s.,</span> <span class='ocrx_word' id='word_1_352' title='bbox 775 2497 872 2524; x_wconf 79' lang='lat' dir='ltr'>unter</span> 
     </span>
     <span class='ocr_line' id='line_1_48' title="bbox 207 2536 872 2577; baseline 0.003 -11"><span class='ocrx_word' id='word_1_353' title='bbox 207 2545 303 2573; x_wconf 65' lang='lat' dir='ltr'>new„</span> <span class='ocrx_word' id='word_1_354' title='bbox 322 2536 374 2574; x_wconf 91' lang='grc'>27,</span> <span class='ocrx_word' id='word_1_355' title='bbox 405 2536 451 2576; x_wconf 85' lang='grc'>13,</span> <span class='ocrx_word' id='word_1_356' title='bbox 477 2536 513 2575; x_wconf 78' lang='grc' dir='ltr'><strong>2ς</strong></span> <span class='ocrx_word' id='word_1_357' title='bbox 541 2537 568 2577; x_wconf 91' lang='grc'>1,</span> <span class='ocrx_word' id='word_1_358' title='bbox 589 2536 713 2575; x_wconf 80' lang='grc'><strong>25,13</strong></span> <span class='ocrx_word' id='word_1_359' title='bbox 732 2548 762 2568; x_wconf 92' lang='lat' dir='ltr'>u.</span> <span class='ocrx_word' id='word_1_360' title='bbox 781 2548 811 2569; x_wconf 82' lang='lat' dir='ltr'>n.</span> <span class='ocrx_word' id='word_1_361' title='bbox 830 2554 872 2560; x_wconf 89' lang='lat'>-—</span> 
     </span>
     <span class='ocr_line' id='line_1_49' title="bbox 209 2580 871 2623; baseline 0.003 -12"><span class='ocrx_word' id='word_1_362' title='bbox 209 2580 341 2617; x_wconf 75' lang='lat' dir='ltr'>tmcid..</span> <span class='ocrx_word' id='word_1_363' title='bbox 361 2581 413 2618; x_wconf 90' lang='grc'><strong>37,</strong></span> <span class='ocrx_word' id='word_1_364' title='bbox 432 2581 485 2621; x_wconf 84' lang='grc'>39,</span> <span class='ocrx_word' id='word_1_365' title='bbox 504 2582 541 2621; x_wconf 79' lang='grc' dir='ltr'>4ς</span> <span class='ocrx_word' id='word_1_366' title='bbox 566 2581 619 2622; x_wconf 80' lang='grc'>24,</span> <span class='ocrx_word' id='word_1_367' title='bbox 639 2581 690 2623; x_wconf 82' lang='lat'>38,</span> <span class='ocrx_word' id='word_1_368' title='bbox 708 2583 738 2613; x_wconf 92' lang='grc'>9.</span> <span class='ocrx_word' id='word_1_369' title='bbox 759 2601 799 2605; x_wconf 67' lang='lat'><strong>—</strong></span> <span class='ocrx_word' id='word_1_370' title='bbox 818 2593 871 2614; x_wconf 71' lang='lat' dir='ltr'>ve-</span> 
     </span>
     <span class='ocr_line' id='line_1_50' title="bbox 208 2625 871 2669; baseline 0.005 -13"><span class='ocrx_word' id='word_1_371' title='bbox 208 2626 291 2665; x_wconf 78' lang='lat' dir='ltr'>rius,</span> <span class='ocrx_word' id='word_1_372' title='bbox 311 2625 364 2663; x_wconf 74' lang='lat'>40,</span> <span class='ocrx_word' id='word_1_373' title='bbox 383 2625 434 2667; x_wconf 83' lang='lat'>27,</span> <span class='ocrx_word' id='word_1_374' title='bbox 455 2627 503 2658; x_wconf 85' lang='grc'>10.</span> <span class='ocrx_word' id='word_1_375' title='bbox 518 2629 731 2669; x_wconf 80' lang='lat' dir='ltr'>—1&#39;nam&#39;ma,</span> <span class='ocrx_word' id='word_1_376' title='bbox 749 2627 801 2668; x_wconf 89' lang='grc'>21,</span> <span class='ocrx_word' id='word_1_377' title='bbox 817 2627 871 2669; x_wconf 87' lang='grc'>32,</span> 
     </span>
    </p>
   </div>
   <div class='ocr_carea' id='block_1_7' title="bbox 947 1641 1615 1683">
    <p class='ocr_par' dir='ltr' id='par_1_10' title="bbox 947 1641 1615 1683">
     <span class='ocr_line' id='line_1_51' title="bbox 947 1641 1615 1683; baseline 0.001 -10"><span class='ocrx_word' id='word_1_378' title='bbox 947 1642 984 1681; x_wconf 81' lang='grc'>7;</span> <span class='ocrx_word' id='word_1_379' title='bbox 1005 1642 1070 1673; x_wconf 86' lang='lat' dir='ltr'>Cic.</span> <span class='ocrx_word' id='word_1_380' title='bbox 1090 1642 1153 1673; x_wconf 82' lang='lat' dir='ltr'>Off.</span> <span class='ocrx_word' id='word_1_381' title='bbox 1171 1641 1203 1683; x_wconf 85' lang='lat'>2,</span> <span class='ocrx_word' id='word_1_382' title='bbox 1222 1641 1252 1683; x_wconf 88' lang='lat'>3,</span> <span class='ocrx_word' id='word_1_383' title='bbox 1274 1642 1329 1673; x_wconf 84' lang='lat'>11:</span> <span class='ocrx_word' id='word_1_384' title='bbox 1345 1644 1615 1674; x_wconf 76' lang='lat' dir='ltr'>inanima—ani-</span> 
     </span>
    </p>
   </div>
   <div class='ocr_carea' id='block_1_8' title="bbox 945 1686 1687 1730">
    <p class='ocr_par' dir='ltr' id='par_1_11' title="bbox 945 1686 1687 1730">
     <span class='ocr_line' id='line_1_52' title="bbox 945 1686 1687 1730; baseline 0.001 -11"><span class='ocrx_word' id='word_1_385' title='bbox 945 1687 1065 1719; x_wconf 81' lang='lat' dir='ltr'>malia:</span> <span class='ocrx_word' id='word_1_386' title='bbox 1092 1686 1183 1719; x_wconf 81' lang='lat' dir='ltr'>Lael.</span> <span class='ocrx_word' id='word_1_387' title='bbox 1206 1688 1255 1726; x_wconf 88' lang='lat'>19,</span> <span class='ocrx_word' id='word_1_388' title='bbox 1274 1687 1316 1719; x_wconf 83' lang='lat'>68</span> <span class='ocrx_word' id='word_1_389' title='bbox 1334 1698 1364 1718; x_wconf 92' lang='lat' dir='ltr'>u.</span> <span class='ocrx_word' id='word_1_390' title='bbox 1384 1697 1415 1719; x_wconf 86' lang='lat' dir='ltr'>a.</span> <span class='ocrx_word' id='word_1_391' title='bbox 1432 1705 1475 1710; x_wconf 86' lang='lat'>—</span> <span class='ocrx_word' id='word_1_392' title='bbox 1490 1688 1615 1730; x_wconf 77' lang='lat' dir='ltr'>pariet.</span> <span class='ocrx_word' id='word_1_393' title='bbox 1680 1688 1687 1715; x_wconf 72' lang='grc' dir='ltr'><em>ἰ</em></span> 
     </span>
    </p>
   </div>
   <div class='ocr_carea' id='block_1_9' title="bbox 945 1731 1615 1774">
    <p class='ocr_par' dir='ltr' id='par_1_12' title="bbox 945 1731 1615 1774">
     <span class='ocr_line' id='line_1_53' title="bbox 945 1731 1615 1774; baseline 0.001 -11"><span class='ocrx_word' id='word_1_394' title='bbox 945 1732 1037 1774; x_wconf 64' lang='lat' dir='ltr'>adst„</span> <span class='ocrx_word' id='word_1_395' title='bbox 1048 1732 1100 1769; x_wconf 77' lang='lat'>24,</span> <span class='ocrx_word' id='word_1_396' title='bbox 1111 1732 1164 1773; x_wconf 80' lang='lat'>34,</span> <span class='ocrx_word' id='word_1_397' title='bbox 1178 1732 1187 1763; x_wconf 89' lang='lat'>1</span> <span class='ocrx_word' id='word_1_398' title='bbox 1201 1732 1211 1763; x_wconf 90' lang='lat'>1</span> <span class='ocrx_word' id='word_1_399' title='bbox 1225 1744 1231 1763; x_wconf 58' lang='grc' dir='ltr'>ι</span> <span class='ocrx_word' id='word_1_400' title='bbox 1247 1732 1357 1764; x_wconf 72' lang='lat' dir='ltr'>undae</span> <span class='ocrx_word' id='word_1_401' title='bbox 1369 1731 1615 1774; x_wconf 66' lang='lat' dir='ltr'>adfligebat.-</span> 
     </span>
    </p>
   </div>
   <div class='ocr_carea' id='block_1_10' title="bbox 946 1775 1680 1908">
    <p class='ocr_par' dir='ltr' id='par_1_13' title="bbox 946 1775 1680 1908">
     <span class='ocr_line' id='line_1_54' title="bbox 946 1775 1680 1820; baseline 0.001 -12"><span class='ocrx_word' id='word_1_402' title='bbox 946 1779 979 1809; x_wconf 82' lang='lat' dir='ltr'>in</span> <span class='ocrx_word' id='word_1_403' title='bbox 998 1778 1153 1820; x_wconf 81' lang='lat' dir='ltr'>speciem,</span> <span class='ocrx_word' id='word_1_404' title='bbox 1173 1777 1320 1816; x_wconf 73' lang='lat' dir='ltr'>obgleich</span> <span class='ocrx_word' id='word_1_405' title='bbox 1338 1779 1466 1820; x_wconf 80' lang='lat' dir='ltr'>species</span> <span class='ocrx_word' id='word_1_406' title='bbox 1479 1777 1616 1809; x_wconf 85' lang='lat' dir='ltr'>biswei-</span> <span class='ocrx_word' id='word_1_407' title='bbox 1678 1775 1680 1777; x_wconf 59' lang='grc'><strong><em>’</em></strong></span> 
     </span>
     <span class='ocr_line' id='line_1_55' title="bbox 948 1821 1680 1863; baseline 0.001 -10"><span class='ocrx_word' id='word_1_408' title='bbox 948 1822 1000 1853; x_wconf 78' lang='lat' dir='ltr'>len</span> <span class='ocrx_word' id='word_1_409' title='bbox 1027 1822 1190 1860; x_wconf 79' lang='lat' dir='ltr'>Ansehen,</span> <span class='ocrx_word' id='word_1_410' title='bbox 1218 1821 1323 1853; x_wconf 81' lang='lat' dir='ltr'>Glanz</span> <span class='ocrx_word' id='word_1_411' title='bbox 1348 1822 1561 1863; x_wconf 86' lang='lat' dir='ltr'>bezeichnet‚</span> <span class='ocrx_word' id='word_1_412' title='bbox 1586 1832 1613 1854; x_wconf 89' lang='lat' dir='ltr'>s.</span> <span class='ocrx_word' id='word_1_413' title='bbox 1676 1844 1680 1860; x_wconf 35' lang='lat' dir='ltr'>v,</span> 
     </span>
     <span class='ocr_line' id='line_1_56' title="bbox 948 1866 1680 1908; baseline 0.003 -11"><span class='ocrx_word' id='word_1_414' title='bbox 948 1866 1000 1908; x_wconf 89' lang='lat'>32,</span> <span class='ocrx_word' id='word_1_415' title='bbox 1025 1866 1077 1903; x_wconf 87' lang='lat'>36,</span> <span class='ocrx_word' id='word_1_416' title='bbox 1107 1866 1164 1906; x_wconf 84' lang='grc' dir='ltr'>1ος</span> <span class='ocrx_word' id='word_1_417' title='bbox 1191 1866 1244 1907; x_wconf 73' lang='grc'>34,</span> <span class='ocrx_word' id='word_1_418' title='bbox 1269 1866 1322 1906; x_wconf 82' lang='grc'>52,</span> <span class='ocrx_word' id='word_1_419' title='bbox 1351 1866 1400 1908; x_wconf 92' lang='grc'>12,</span> <span class='ocrx_word' id='word_1_420' title='bbox 1424 1877 1460 1898; x_wconf 90' lang='lat' dir='ltr'>so</span> <span class='ocrx_word' id='word_1_421' title='bbox 1479 1866 1617 1899; x_wconf 76' lang='lat' dir='ltr'>braucht</span> <span class='ocrx_word' id='word_1_422' title='bbox 1672 1896 1680 1907; x_wconf 88' lang='lat'>,</span> 
     </span>
    </p>
   </div>
   <div class='ocr_carea' id='block_1_11' title="bbox 947 1911 1615 2221">
    <p class='ocr_par' dir='ltr' id='par_1_14' title="bbox 947 1911 1615 2221">
     <span class='ocr_line' id='line_1_57' title="bbox 948 1911 1615 1952; baseline 0 -9"><span class='ocrx_word' id='word_1_423' title='bbox 948 1912 1029 1943; x_wconf 87' lang='lat' dir='ltr'>doch</span> <span class='ocrx_word' id='word_1_424' title='bbox 1059 1911 1094 1942; x_wconf 90' lang='lat' dir='ltr'>L.</span> <span class='ocrx_word' id='word_1_425' title='bbox 1126 1913 1159 1942; x_wconf 75' lang='lat' dir='ltr'>in</span> <span class='ocrx_word' id='word_1_426' title='bbox 1187 1913 1331 1952; x_wconf 78' lang='lat' dir='ltr'>speciem.</span> <span class='ocrx_word' id='word_1_427' title='bbox 1359 1916 1453 1943; x_wconf 88' lang='lat' dir='ltr'>sonst</span> <span class='ocrx_word' id='word_1_428' title='bbox 1482 1911 1512 1942; x_wconf 88' lang='lat' dir='ltr'>in</span> <span class='ocrx_word' id='word_1_429' title='bbox 1541 1912 1615 1944; x_wconf 89' lang='lat' dir='ltr'>dem</span> 
     </span>
     <span class='ocr_line' id='line_1_58' title="bbox 948 1955 1614 1997; baseline 0.003 -10"><span class='ocrx_word' id='word_1_430' title='bbox 948 1956 1065 1987; x_wconf 90' lang='lat' dir='ltr'>Sinne:</span> <span class='ocrx_word' id='word_1_431' title='bbox 1095 1966 1168 1987; x_wconf 87' lang='lat' dir='ltr'>zum</span> <span class='ocrx_word' id='word_1_432' title='bbox 1187 1956 1318 1997; x_wconf 88' lang='lat' dir='ltr'>Schein,</span> <span class='ocrx_word' id='word_1_433' title='bbox 1343 1956 1384 1987; x_wconf 92' lang='lat' dir='ltr'>im</span> <span class='ocrx_word' id='word_1_434' title='bbox 1403 1955 1614 1996; x_wconf 79' lang='lat' dir='ltr'>Gegensatze</span> 
     </span>
     <span class='ocr_line' id='line_1_59' title="bbox 948 2000 1613 2042; baseline 0.005 -11"><span class='ocrx_word' id='word_1_435' title='bbox 948 2011 1008 2032; x_wconf 87' lang='lat' dir='ltr'>zur</span> <span class='ocrx_word' id='word_1_436' title='bbox 1028 2000 1204 2032; x_wconf 73' lang='lat' dir='ltr'>wahrheit</span> <span class='ocrx_word' id='word_1_437' title='bbox 1221 2001 1301 2032; x_wconf 89' lang='lat' dir='ltr'>oder</span> <span class='ocrx_word' id='word_1_438' title='bbox 1321 2001 1568 2042; x_wconf 77' lang='lat' dir='ltr'>Wirklichkeit,</span> <span class='ocrx_word' id='word_1_439' title='bbox 1587 2011 1613 2034; x_wconf 82' lang='lat' dir='ltr'>s.</span> 
     </span>
     <span class='ocr_line' id='line_1_60' title="bbox 947 2045 1614 2090; baseline 0.003 -14"><span class='ocrx_word' id='word_1_440' title='bbox 947 2045 1001 2083; x_wconf 87' lang='grc'>42,</span> <span class='ocrx_word' id='word_1_441' title='bbox 1025 2045 1073 2084; x_wconf 83' lang='grc'>14,</span> <span class='ocrx_word' id='word_1_442' title='bbox 1101 2045 1137 2082; x_wconf 81' lang='lat'>5;</span> <span class='ocrx_word' id='word_1_443' title='bbox 1163 2045 1194 2086; x_wconf 88' lang='lat'>3,</span> <span class='ocrx_word' id='word_1_444' title='bbox 1219 2046 1250 2086; x_wconf 92' lang='grc'>9,</span> <span class='ocrx_word' id='word_1_445' title='bbox 1279 2045 1333 2076; x_wconf 84' lang='grc'>13;</span> <span class='ocrx_word' id='word_1_446' title='bbox 1359 2045 1464 2078; x_wconf 73' lang='lat' dir='ltr'>dilala</span> <span class='ocrx_word' id='word_1_447' title='bbox 1485 2047 1519 2078; x_wconf 77' lang='lat' dir='ltr'>iu</span> <span class='ocrx_word' id='word_1_448' title='bbox 1536 2057 1614 2090; x_wconf 75' lang='lat' dir='ltr'>spe—</span> 
     </span>
     <span class='ocr_line' id='line_1_61' title="bbox 947 2090 1614 2134; baseline 0.001 -12"><span class='ocrx_word' id='word_1_449' title='bbox 947 2092 1030 2122; x_wconf 75' lang='lat' dir='ltr'>ciem</span> <span class='ocrx_word' id='word_1_450' title='bbox 1046 2091 1187 2130; x_wconf 72' lang='lat' dir='ltr'>actione,</span> <span class='ocrx_word' id='word_1_451' title='bbox 1206 2101 1243 2123; x_wconf 80' lang='lat' dir='ltr'>ro</span> <span class='ocrx_word' id='word_1_452' title='bbox 1260 2092 1334 2133; x_wconf 64' lang='lat' dir='ltr'>Ipsa</span> <span class='ocrx_word' id='word_1_453' title='bbox 1351 2091 1492 2133; x_wconf 75' lang='lat' dir='ltr'>sublata,</span> <span class='ocrx_word' id='word_1_454' title='bbox 1516 2101 1543 2123; x_wconf 78' lang='lat' dir='ltr'>a.</span> <span class='ocrx_word' id='word_1_455' title='bbox 1561 2090 1614 2134; x_wconf 86' lang='lat'>42,</span> 
     </span>
     <span class='ocr_line' id='line_1_62' title="bbox 951 2135 1613 2177; baseline 0.003 -11"><span class='ocrx_word' id='word_1_456' title='bbox 951 2135 1001 2174; x_wconf 83' lang='lat'>14,</span> <span class='ocrx_word' id='word_1_457' title='bbox 1020 2136 1057 2173; x_wconf 76' lang='grc' dir='ltr'>ὃς</span> <span class='ocrx_word' id='word_1_458' title='bbox 1077 2136 1129 2177; x_wconf 71' lang='lat'>24,</span> <span class='ocrx_word' id='word_1_459' title='bbox 1151 2136 1176 2172; x_wconf 84' lang='grc'>1,</span> <span class='ocrx_word' id='word_1_460' title='bbox 1197 2136 1233 2169; x_wconf 77' lang='lat' dir='ltr'>S:</span> <span class='ocrx_word' id='word_1_461' title='bbox 1254 2136 1296 2167; x_wconf 83' lang='lat' dir='ltr'>ib.</span> <span class='ocrx_word' id='word_1_462' title='bbox 1316 2135 1370 2176; x_wconf 89' lang='lat'>27,</span> <span class='ocrx_word' id='word_1_463' title='bbox 1388 2135 1426 2175; x_wconf 88' lang='lat'>8;</span> <span class='ocrx_word' id='word_1_464' title='bbox 1451 2136 1482 2176; x_wconf 88' lang='lat'>4,</span> <span class='ocrx_word' id='word_1_465' title='bbox 1501 2135 1554 2176; x_wconf 86' lang='lat'>42,</span> <span class='ocrx_word' id='word_1_466' title='bbox 1573 2136 1613 2173; x_wconf 81' lang='lat'>4.·,</span> 
     </span>
     <span class='ocr_line' id='line_1_63' title="bbox 947 2180 1612 2221; baseline 0.008 -13"><span class='ocrx_word' id='word_1_467' title='bbox 947 2180 978 2218; x_wconf 84' lang='grc'>6,</span> <span class='ocrx_word' id='word_1_468' title='bbox 1001 2180 1050 2218; x_wconf 78' lang='grc'>14,</span> <span class='ocrx_word' id='word_1_469' title='bbox 1077 2182 1116 2218; x_wconf 73' lang='lat'>23</span> <span class='ocrx_word' id='word_1_470' title='bbox 1143 2180 1195 2219; x_wconf 87' lang='grc'>21,</span> <span class='ocrx_word' id='word_1_471' title='bbox 1219 2180 1270 2221; x_wconf 90' lang='grc'>32,</span> <span class='ocrx_word' id='word_1_472' title='bbox 1301 2180 1338 2212; x_wconf 88' lang='grc'>12</span> <span class='ocrx_word' id='word_1_473' title='bbox 1357 2191 1388 2213; x_wconf 92' lang='lat' dir='ltr'>u.</span> <span class='ocrx_word' id='word_1_474' title='bbox 1406 2191 1455 2219; x_wconf 80' lang='lat' dir='ltr'>a.;</span> <span class='ocrx_word' id='word_1_475' title='bbox 1479 2181 1612 2214; x_wconf 78' lang='lat' dir='ltr'>anchin</span> 
     </span>
    </p>
   </div>
   <div class='ocr_carea' id='block_1_12' title="bbox 945 2225 1674 2267">
    <p class='ocr_par' dir='ltr' id='par_1_15' title="bbox 945 2225 1674 2267">
     <span class='ocr_line' id='line_1_64' title="bbox 945 2225 1674 2267; baseline 0.004 -12"><span class='ocrx_word' id='word_1_476' title='bbox 945 2225 1004 2256; x_wconf 83' lang='lat' dir='ltr'>der</span> <span class='ocrx_word' id='word_1_477' title='bbox 1020 2225 1226 2265; x_wconf 76' lang='lat' dir='ltr'>Bedeutung:</span> <span class='ocrx_word' id='word_1_478' title='bbox 1243 2235 1314 2257; x_wconf 89' lang='lat' dir='ltr'>zum</span> <span class='ocrx_word' id='word_1_479' title='bbox 1323 2225 1483 2258; x_wconf 83' lang='lat' dir='ltr'>Schmuek</span> <span class='ocrx_word' id='word_1_480' title='bbox 1499 2225 1612 2258; x_wconf 78' lang='lat' dir='ltr'>wiirde</span> <span class='ocrx_word' id='word_1_481' title='bbox 1672 2264 1674 2267; x_wconf 91' lang='lat'>.</span> 
     </span>
    </p>
   </div>
   <div class='ocr_carea' id='block_1_13' title="bbox 946 2270 1611 2313">
    <p class='ocr_par' dir='ltr' id='par_1_16' title="bbox 946 2270 1611 2313">
     <span class='ocr_line' id='line_1_65' title="bbox 946 2270 1611 2313; baseline 0.005 -13"><span class='ocrx_word' id='word_1_482' title='bbox 946 2280 981 2300; x_wconf 80' lang='lat' dir='ltr'>es</span> <span class='ocrx_word' id='word_1_483' title='bbox 1015 2270 1118 2301; x_wconf 84' lang='lat' dir='ltr'>neben</span> <span class='ocrx_word' id='word_1_484' title='bbox 1153 2273 1350 2303; x_wconf 72' lang='lat' dir='ltr'>ornamento</span> <span class='ocrx_word' id='word_1_485' title='bbox 1388 2270 1611 2313; x_wconf 79' lang='lat' dir='ltr'>pleonastisch</span> 
     </span>
    </p>
   </div>
   <div class='ocr_carea' id='block_1_14' title="bbox 945 2315 1693 2355">
    <p class='ocr_par' dir='ltr' id='par_1_17' title="bbox 945 2315 1693 2355">
     <span class='ocr_line' id='line_1_66' title="bbox 945 2315 1693 2355; baseline 0.004 -10"><span class='ocrx_word' id='word_1_486' title='bbox 945 2316 1025 2355; x_wconf 70' lang='lat' dir='ltr'>sein,</span> <span class='ocrx_word' id='word_1_487' title='bbox 1052 2326 1088 2346; x_wconf 83' lang='lat' dir='ltr'>es</span> <span class='ocrx_word' id='word_1_488' title='bbox 1113 2316 1157 2347; x_wconf 83' lang='lat' dir='ltr'>ist</span> <span class='ocrx_word' id='word_1_489' title='bbox 1180 2315 1316 2347; x_wconf 81' lang='lat' dir='ltr'>deshnlb</span> <span class='ocrx_word' id='word_1_490' title='bbox 1334 2316 1398 2348; x_wconf 90' lang='lat' dir='ltr'>wol</span> <span class='ocrx_word' id='word_1_491' title='bbox 1417 2316 1507 2348; x_wconf 81' lang='lat' dir='ltr'>nicht</span> <span class='ocrx_word' id='word_1_492' title='bbox 1525 2315 1613 2348; x_wconf 78' lang='lat' dir='ltr'>rich-</span> <span class='ocrx_word' id='word_1_493' title='bbox 1675 2317 1693 2335; x_wconf 88' lang='lat'>·&#39;</span> 
     </span>
    </p>
   </div>
   <div class='ocr_carea' id='block_1_15' title="bbox 945 2360 1612 2404">
    <p class='ocr_par' dir='ltr' id='par_1_18' title="bbox 945 2360 1612 2404">
     <span class='ocr_line' id='line_1_67' title="bbox 945 2360 1612 2404; baseline 0.003 -13"><span class='ocrx_word' id='word_1_494' title='bbox 945 2360 1002 2401; x_wconf 70' lang='lat' dir='ltr'>fig,</span> <span class='ocrx_word' id='word_1_495' title='bbox 1021 2361 1100 2391; x_wconf 81' lang='lat' dir='ltr'>auch</span> <span class='ocrx_word' id='word_1_496' title='bbox 1120 2363 1152 2392; x_wconf 79' lang='lat' dir='ltr'>et</span> <span class='ocrx_word' id='word_1_497' title='bbox 1168 2362 1200 2391; x_wconf 84' lang='lat' dir='ltr'>in</span> <span class='ocrx_word' id='word_1_498' title='bbox 1219 2371 1320 2404; x_wconf 67' lang='lat' dir='ltr'>spec„</span> <span class='ocrx_word' id='word_1_499' title='bbox 1338 2361 1401 2392; x_wconf 84' lang='lat' dir='ltr'>wie</span> <span class='ocrx_word' id='word_1_500' title='bbox 1420 2360 1476 2392; x_wconf 85' lang='lat' dir='ltr'>Dr.</span> <span class='ocrx_word' id='word_1_501' title='bbox 1495 2370 1612 2402; x_wconf 67' lang='lat' dir='ltr'>verm„</span> 
     </span>
    </p>
   </div>
   <div class='ocr_carea' id='block_1_16' title="bbox 945 2405 1686 2496">
    <p class='ocr_par' dir='ltr' id='par_1_19' title="bbox 945 2405 1686 2496">
     <span class='ocr_line' id='line_1_68' title="bbox 945 2405 1666 2445; baseline 0.004 -10"><span class='ocrx_word' id='word_1_502' title='bbox 945 2405 1058 2436; x_wconf 82' lang='lat' dir='ltr'>wiirde</span> <span class='ocrx_word' id='word_1_503' title='bbox 1083 2405 1134 2436; x_wconf 81' lang='lat' dir='ltr'>die</span> <span class='ocrx_word' id='word_1_504' title='bbox 1159 2405 1416 2445; x_wconf 75' lang='lat' dir='ltr'>Schwierigkeit</span> <span class='ocrx_word' id='word_1_505' title='bbox 1440 2405 1529 2438; x_wconf 83' lang='lat' dir='ltr'>nieht</span> <span class='ocrx_word' id='word_1_506' title='bbox 1551 2405 1610 2438; x_wconf 80' lang='lat' dir='ltr'>he·</span> <span class='ocrx_word' id='word_1_507' title='bbox 1664 2424 1666 2427; x_wconf 44' lang='lat' dir='ltr'>v</span> 
     </span>
     <span class='ocr_line' id='line_1_69' title="bbox 945 2449 1686 2496; baseline 0.004 -16"><span class='ocrx_word' id='word_1_508' title='bbox 945 2449 1026 2488; x_wconf 78' lang='lat' dir='ltr'>ben3</span> <span class='ocrx_word' id='word_1_509' title='bbox 1057 2450 1198 2482; x_wconf 82' lang='lat' dir='ltr'>Crevier</span> <span class='ocrx_word' id='word_1_510' title='bbox 1222 2450 1289 2482; x_wconf 86' lang='lat' dir='ltr'>will</span> <span class='ocrx_word' id='word_1_511' title='bbox 1313 2452 1512 2483; x_wconf 80' lang='lat' dir='ltr'>ornamento</span> <span class='ocrx_word' id='word_1_512' title='bbox 1536 2454 1610 2483; x_wconf 83' lang='lat' dir='ltr'>ent·</span> <span class='ocrx_word' id='word_1_513' title='bbox 1660 2461 1686 2496; x_wconf 41' lang='lat' dir='ltr'>J,-</span> 
     </span>
    </p>
   </div>
   <div class='ocr_carea' id='block_1_17' title="bbox 944 2493 1072 2526">
    <p class='ocr_par' dir='ltr' id='par_1_20' title="bbox 944 2493 1072 2526">
     <span class='ocr_line' id='line_1_70' title="bbox 944 2493 1072 2526; baseline 0.016 -2"><span class='ocrx_word' id='word_1_514' title='bbox 944 2493 1072 2526; x_wconf 79' lang='lat' dir='ltr'>fernen.</span> 
     </span>
    </p>
   </div>
   <div class='ocr_carea' id='block_1_18' title="bbox 990 2535 1667 2582">
    <p class='ocr_par' dir='ltr' id='par_1_21' title="bbox 990 2535 1667 2582">
     <span class='ocr_line' id='line_1_71' title="bbox 990 2535 1667 2582; baseline 0.004 -13"><span class='ocrx_word' id='word_1_515' title='bbox 990 2540 1008 2569; x_wconf 88' lang='lat'>5</span> <span class='ocrx_word' id='word_1_516' title='bbox 1022 2539 1077 2570; x_wconf 69' lang='lat'>-8.</span> <span class='ocrx_word' id='word_1_517' title='bbox 1103 2541 1136 2571; x_wconf 83' lang='grc' dir='ltr'>ιἰι</span> <span class='ocrx_word' id='word_1_518' title='bbox 1152 2537 1243 2578; x_wconf 68' lang='lat' dir='ltr'>Gall„</span> <span class='ocrx_word' id='word_1_519' title='bbox 1262 2540 1320 2572; x_wconf 79' lang='lat' dir='ltr'>das</span> <span class='ocrx_word' id='word_1_520' title='bbox 1335 2540 1423 2572; x_wconf 80' lang='lat' dir='ltr'>Heer</span> <span class='ocrx_word' id='word_1_521' title='bbox 1434 2550 1524 2572; x_wconf 73' lang='lat' dir='ltr'>muas</span> <span class='ocrx_word' id='word_1_522' title='bbox 1537 2539 1609 2572; x_wconf 74' lang='lat' dir='ltr'>also</span> <span class='ocrx_word' id='word_1_523' title='bbox 1649 2535 1667 2582; x_wconf 22' lang='grc' dir='ltr'>,Δ</span> 
     </span>
    </p>
   </div>
   <div class='ocr_carea' id='block_1_19' title="bbox 943 2584 1610 2623">
    <p class='ocr_par' dir='ltr' id='par_1_22' title="bbox 943 2584 1610 2623">
     <span class='ocr_line' id='line_1_72' title="bbox 943 2584 1610 2623; baseline 0.006 -10"><span class='ocrx_word' id='word_1_524' title='bbox 943 2584 1174 2623; x_wconf 73' lang='lat' dir='ltr'>zuriickgehen</span> <span class='ocrx_word' id='word_1_525' title='bbox 1198 2595 1251 2617; x_wconf 89' lang='lat' dir='ltr'>um</span> <span class='ocrx_word' id='word_1_526' title='bbox 1275 2585 1358 2616; x_wconf 83' lang='lat' dir='ltr'>dnnn</span> <span class='ocrx_word' id='word_1_527' title='bbox 1383 2585 1508 2617; x_wconf 79' lang='lat' dir='ltr'>wieder</span> <span class='ocrx_word' id='word_1_528' title='bbox 1529 2594 1610 2618; x_wconf 81' lang='lat' dir='ltr'>vor-</span> 
     </span>
    </p>
   </div>
   <div class='ocr_carea' id='block_1_20' title="bbox 944 2628 1670 2675">
    <p class='ocr_par' dir='ltr' id='par_1_23' title="bbox 944 2628 1670 2675">
     <span class='ocr_line' id='line_1_73' title="bbox 944 2628 1670 2675; baseline 0.006 -16"><span class='ocrx_word' id='word_1_529' title='bbox 944 2628 1122 2660; x_wconf 81' lang='lat' dir='ltr'>zuriicken.</span> <span class='ocrx_word' id='word_1_530' title='bbox 1154 2647 1196 2652; x_wconf 91' lang='lat'>—</span> <span class='ocrx_word' id='word_1_531' title='bbox 1227 2640 1332 2675; x_wconf 83' lang='lat' dir='ltr'>camp.</span> <span class='ocrx_word' id='word_1_532' title='bbox 1357 2629 1474 2672; x_wconf 58' lang='lat' dir='ltr'>Maera,</span> <span class='ocrx_word' id='word_1_533' title='bbox 1504 2639 1531 2662; x_wconf 75' lang='grc' dir='ltr'>ε.</span> <span class='ocrx_word' id='word_1_534' title='bbox 1554 2629 1609 2670; x_wconf 81' lang='lat'>45,</span> <span class='ocrx_word' id='word_1_535' title='bbox 1668 2635 1670 2637; x_wconf 80' lang='grc'>’</span> 
     </span>
    </p>
   </div>
   <div class='ocr_carea' id='block_1_21' title="bbox 1659 0 1712 2825">
    <p class='ocr_par' dir='ltr' id='par_1_24' title="bbox 1659 0 1712 2825">
     <span class='ocr_line' id='line_1_74' title="bbox 1659 0 1712 2825; baseline 0 0"><span class='ocrx_word' id='word_1_536' title='bbox 1659 0 1712 2825; x_wconf 95' lang='lat' dir='ltr'> </span> 
     </span>
    </p>
   </div>
  </div>
 </body>
</html>
