1712 2825
589 214 645 246 Ex
669 215 737 246 lib.
763 213 1043 249 XII—LXXVII.
1437 217 1520 257 275

113 318 166 357 95,
184 316 223 349 18
237 316 287 357 Η,
305 317 352 359 cf.
370 327 468 348 anon.
489 315 529 348 de
547 317 700 358 orthogr.
715 326 749 360 p.
794 315 976 357 TSSsq.P.‚
994 315 1106 348 selzed.
1125 320 1188 349 vet.
1200 328 1350 359 gramm.
1365 329 1418 362 ap.
1433 317 1521 351 Bar-

112 364 221 394 thz'um
237 362 369 394 advers.
388 360 565 400 XXXVII,
587 362 651 402 14]

202 407 258 448 *9)
291 406 463 449 Serpentis
480 425 524 429 ——
547 417 576 438 a.
596 406 634 438 T.
652 405 750 438 Livio
775 406 908 437 curiose
932 406 1062 447 pariter
1085 417 1123 438 ae
1147 405 1286 438 facunde
1310 408 1438 439 relatae
1463 408 1521 440 fiat

111 453 246 484 mentio.
287 452 316 484 is
345 452 431 483 enim
459 452 508 483 ait
536 452 570 483 in
592 450 709 482 Africa
738 451 823 492 apud
851 450 1034 491 Bagradam
1065 453 1182 482 {lumen
1210 457 1323 484 tantae
1354 453 1521 494 magnitu-

110 497 199 529 dinis
222 496 342 537 fuisse,
366 501 403 528 ut
425 496 525 528 Atilii
549 496 669 537 Reguli
692 496 879 527 exercitum
902 506 964 527 usu
989 497 1095 527 amnis
1113 497 1319 538 prohiberet,
1339 498 1519 540 multisque

111 543 275 574 militibus
294 542 422 582 ingenti
439 552 497 573 ore
516 542 699 583 correptis,
718 541 932 583 conpluribus
951 542 1073 573 caudae
1092 541 1315 573 voluminibus
1334 543 1429 574 elisis
1447 553 1520 574 eum

109 588 254 619 telorum
288 587 379 618 iactu
413 586 580 629 perforari
617 586 786 628 nequiret,
829 586 868 617 ad
905 586 1057 618 ultimum
1094 586 1307 618 ballistarum
1340 589 1520 620 tormentis

109 633 253 676 undique
269 632 418 675 petitam,
436 632 570 663 silicum
588 631 716 663 crebris
735 636 767 662 et
779 631 975 672 ponderosis
990 631 1187 662 verberibus
1202 631 1433 673 procubuisse,
1449 644 1519 664 om-

109 678 271 720 nibusque
294 682 327 709 et
348 677 541 709 cohortibus
566 682 598 708 et
621 676 809 717 legionibus
827 676 900 717 ipsa
918 675 1119 717 Carthagine
1137 676 1245 707 visam
1262 676 1518 710 terribiliorem.

109 728 207 765 atque
230 723 330 754 etiam
355 733 473 754 cruore
498 732 557 754 suo
583 721 772 762 gurgitibus
791 721 925 752 imbutis
957 721 1174 763 corporisque
1197 721 1339 753 iacentis
1358 721 1520 764 pestifero

108 769 230 800 adflatu
254 768 364 799 vicina
389 767 527 808 regione
544 767 671 809 polluta
688 766 835 798 Romana
853 766 928 796 inde
947 766 1169 797 summovisse
1187 771 1310 797 castra.
1346 767 1449 799 adicit
1462 768 1521 799 be-

107 814 183 845 luae
207 813 334 844 corium
357 817 487 844 centum
513 816 547 843 et
570 812 693 852 viginti
716 811 832 853 pedum
856 811 889 842 in
914 811 1029 842 urbem
1047 811 1196 842 missum.
1233 811 1311 843 lv'al.
1330 811 1424 844 illa-v.
1444 812 1466 853 I,
1485 814 1516 845 8.

108 861 178 890 eoet.
201 858 250 890 19.

659 935 686 968 Ε
695 946 717 967 x
736 936 803 967 lib.
823 934 956 968 XVIIH.

198 990 276 1030 *10)
310 990 421 1022 Tertii
452 990 523 1022 ludi
548 989 766 1031 (saeculares)
786 987 936 1029 fuerunt,
961 989 1097 1020 Antiate
1120 988 1286 1031 Livioque
1309 991 1517 1031 auctoribus,

106 1035 140 1067 P.
160 1034 298 1067 Claudio
317 1035 461 1067 Pulchro
480 1035 517 1067 L.
535 1034 628 1066 Iunio
652 1034 747 1066 Pullo
772 1034 976 1066 consulibus.
1012 1034 1184 1066 Censor-in.
1210 1034 1250 1066 de
1268 1034 1320 1066 die
1337 1037 1407 1067 nat.
1425 1046 1452 1068 e.
1476 1037 1514 1067 17

102 1091 137 1123 p.
156 1081 212 1121 47,
231 1083 247 1112 Τ
267 1081 362 1113 ΙαΙιη.

199 1126 275 1165 *11)
310 1125 370 1157 Est
388 1126 421 1156 in
439 1124 554 1165 Livio,
573 1125 674 1167 quod,
694 1134 766 1156 cum
784 1124 915 1166 quidam
933 1124 1071 1166 cupidus
1090 1123 1171 1156 belli
1188 1125 1325 1165 gerendi
1343 1135 1362 1156 a
1379 1125 1514 1157 tribuno

106 1171 212 1213 plebis
231 1175 416 1210 arceretur,
435 1180 474 1202 ne
493 1170 570 1208 iret,
590 1170 697 1211 pullos
716 1169 816 1201 iussit
834 1168 972 1200 adferri.
994 1169 1048 1211 qui
1067 1179 1139 1200 eum
1157 1170 1278 1201 missas
1296 1181 1360 1201 non
1378 1170 1517 1202 ederent

107 1215 238 1256 fruges,
257 1216 402 1248 irridens
420 1215 537 1247 consul
554 1214 728 1255 augurium
746 1214 794 1246 ait
811 1214 890 1253 „vel
906 1214 1056 1253 bibant“‚
1075 1218 1107 1245 et
1125 1224 1182 1246 eos
1201 1215 1234 1246 in
1252 1214 1402 1246 Tiberim
1419 1225 1516 1257 prae-

108 1261 274 1304 cipitavit.
315 1261 388 1292 iude
419 1261 559 1292 navibus
584 1260 624 1291 ad
648 1259 796 1291 Africam
820 1259 957 1291 tendens
984 1259 1015 1290 in
1034 1259 1119 1290 mari
1143 1270 1215 1290 cum
1241 1260 1408 1301 omnibus,
1434 1271 1515 1302 quos

106 1307 256 1347 ducebat,
274 1307 442 1338 extinctus
461 1311 523 1338 est.
552 1304 647 1338 Serv.
664 1304 710 1336 ad
727 1305 858 1347 Vergil.
878 1306 963 1336 Aen.
984 1303 1037 1344 Vl,
1059 1304 1132 1336 198.

641 1385 699 1417 Ex
723 1385 789 1416 lib.
816 1383 978 1416 XI-xx.

201 1440 253 1481 12)
287 1440 346 1472 Dic
364 1440 456 1472 mihi:
482 1449 553 1470 eum
571 1449 669 1480 saepe
688 1448 822 1469 numero
842 1438 874 1469 in
892 1438 1048 1469 Romanis
1067 1437 1222 1469 historiis
1241 1438 1388 1479 legatur,
1415 1436 1515 1469 Lixio

106 1490 261 1526 auctore,
285 1485 481 1528 saepissime
504 1485 536 1516 in
561 1485 621 1516 hac
646 1484 724 1515 urbe
742 1488 862 1515 exorta
881 1483 1075 1525 pestilentia
1093 1483 1223 1514 infinita
1240 1483 1406 1514 hominum
1424 1483 1516 1514 milia

106 1531 307 1573 deperiisse,
326 1536 424 1573 atque
443 1541 481 1562 eo
500 1528 694 1572 frequentur
712 1533 862 1567 ventum,
886 1534 922 1560 ut
941 1529 999 1560 vix
1017 1532 1122 1569 esset,
1150 1529 1234 1559 unde
1253 1528 1324 1559 illis
1343 1528 1517 1559 bellicosis

106 1576 310 1618 temporibus
335 1576 505 1607 exercitus
531 1575 695 1617 potuisset
719 1574 882 1614 adscribi,
909 1574 967 1605 illo
992 1579 1140 1615 tempore
1164 1574 1223 1605 deo
1247 1578 1305 1604 tuo
1332 1572 1515 1604 Februario

106 1621 237 1653 minime
260 1621 441 1653 litabatur?
466 1631 506 1652 an
529 1620 628 1652 etiam
647 1619 755 1651 cultus
773 1619 824 1650 hic
843 1619 972 1650 omnino
992 1619 1071 1649 nihil
1091 1619 1271 1660 proderat?
1289 1618 1348 1649 illo
1366 1622 1516 1659 tempore

106 1665 303 1708 Lupercalia
322 1678 383 1697 non
403 1666 679 1698 celebrabantur?
699 1675 756 1696 nec
775 1665 859 1696 enim
876 1664 1028 1696 dicturus
1046 1673 1099 1703 es,
1118 1664 1199 1695 hacc
1217 1673 1314 1694 sacra
1332 1663 1436 1694 adbuc
1455 1663 1514 1694 illo

105 1717 253 1754 tempore
277 1723 340 1743 non
365 1711 530 1753 coepisse,
556 1721 638 1753 quae
664 1715 740 1741 ante
757 1709 929 1741 Romulum
954 1710 994 1740 ab
1012 1708 1168 1741 Euandro
1197 1708 1230 1739 in
1248 1708 1378 1740 ltaliam
1402 1708 1516 1750 perhi-

105 1757 225 1788 bentur
248 1757 352 1788 illata.
382 1757 579 1799 Lupercalia
604 1760 714 1787 autem
737 1760 874 1797 propter
899 1755 975 1797 quid
1001 1753 1155 1785 instituta
1181 1758 1274 1793 sunt,
1300 1757 1454 1795 quantum
1474 1753 1515 1784 ad

104 1802 210 1844 ipsius
234 1802 484 1844 superstitionis
510 1806 692 1833 commenta
716 1804 922 1842 respectant,
947 1799 1067 1831 Livius
1092 1799 1236 1829 secunda
1261 1798 1383 1829 decade
1407 1797 1516 1839 10un

104 1851 171 1886 tur,
190 1857 247 1878 nee
266 1852 403 1889 propter
421 1847 554 1877 morbos
573 1845 764 1876 inhibendos
783 1845 936 1876 instituta
956 1848 1203 1880 commemorat,
1223 1843 1277 1874 sed
1295 1847 1432 1884 propter
1445 1847 1514 1872 ste.-

105 1891 285 1931 rilitatem,
303 1896 339 1923 ut
357 1892 386 1923 ei
406 1892 552 1929 videtur,
572 1891 763 1927 mulierum,
783 1901 863 1932 quac
881 1894 959 1920 tunc
977 1889 1158 1925 acciderat,
1177 1887 1424 1919 exsolvendam.
1461 1886 1516 1918 Ex

108 1936 234 1969 Gelas-ii
252 1947 361 1980 papae
385 1938 482 1979 epist.
507 1936 672 1968 adversus
698 1935 973 1968 Andromachum
1000 1936 1030 1965 [η
1052 1934 1236 1965 euronium
1261 1932 1372 1964 annal.
1397 1930 1512 1964 eccles.

105 1982 160 2014 ad.
182 1993 213 2014 α.
233 1981 448 2015 ccccxci]
465 1993 557 2014 uum.
578 1981 724 2014 XXXV.

602 2062 656 2093 Ex
684 2062 751 2093 lib.
775 2059 1015 2092 xxxxviiii.

197 2117 273 2153 *13)
314 2117 360 2147 De
385 2121 577 2159 quartorum
603 2116 754 2147 ludorum
779 2113 1031 2156 (saccularium)
1057 2123 1140 2143 anno
1166 2111 1290 2153 triplex
1315 2110 1426 2151 opinio
1451 2114 1512 2140 cst.

106 2161 224 2193 Antias
247 2161 332 2192 enim
356 2166 389 2192 et
409 2162 517 2194 Varro
543 2166 575 2192 et
595 2161 712 2193 Livius
737 2161 861 2192 relatos
887 2170 960 2191 esse
988 2158 1204 2200 prodiderunt
1224 2156 1259 2186 L.
1278 2155 1404 2187 Marcio
1430 2155 1513 2183 (Icu-

106 2207 219 2238 sorino
251 2206 302 2237 Μ’.
330 2205 466 2237 Manilio
491 2207 700 2245 consulibus,
731 2210 805 2248 post
825 2205 956 2236 Romam
981 2202 1145 2234 eomlitam
1164 2212 1248 2233 anno
1274 2198 1512 2231 sescentesimo

106 2252 219 2295 quinto
238 2256 300 2283 etc.
322 2252 490 2283 mensoria.
509 2251 548 2282 de
566 2251 618 2282 (Ile
636 2254 706 2282 nal.
724 2262 750 2282 e.
774 2251 810 2282 17
828 2261 860 2292 p.
880 2251 933 2285 45,
953 2250 970 2280 2
990 2248 1082 2280 [alm.

686 2330 738 2360 Ex
759 2329 825 2360 lib.
843 2328 925 2361 LVl.

201 2385 250 2425 14)
287 2384 402 2416 Livius
420 2384 490 2417 Lw
509 2385 549 2415 ab
569 2383 648 2415 urbe
667 2382 815 2413 condita:
834 2376 879 2421 Q.
912 2374 1140 2425 pompelum
1176 2370 1357 2409 morbum
1393 2380 1512 2407 exsil-

105 2448 209 2474 sasse
232 2434 375 2477 ferunt,
399 2446 466 2479 nc,
503 2446 592 2471 cum
624 2432 827 2469 interesset
850 2430 1050 2475 deditioni,
1075 2429 1226 2467 animos
1250 2424 1510 2463 Numantino-

106 2504 194 2531 rum
217 2490 397 2529 irritaret.
441 2498 607 2529 I’riset'(m.
644 2495 697 2527 XX
712 2494 747 2526 ΙΙΙ
766 2493 787 2535 ξ
801 2496 864 2525 262
881 2505 914 2537 p.
939 2495 1022 2525 lios
1044 2495 1078 2524 Ι).

644 2577 697 2609 Ex
718 2577 788 2608 lib.
807 2575 975 2608 llxxvii.

199 2638 209 2651 η
231 2637 280 2677 15)
315 2637 386 2669 Καὶ
409 2632 606 2678 παρελθὼν
624 2635 675 2669 εἰς
692 2632 756 2674 τὴν
769 2630 880 2664 πόλιν
894 2628 1034 2666 ὕπατος
1046 2625 1394 2704 μὲνᾰπῖιδξίκνυῐαι
1410 2622 1515 2665 (Σύλ-

1207 2676 1225 2704 b
