1712 2825
63 165 90 183 a.
113 157 168 185 Ch.
190 158 250 183 m.
476 144 605 178 LIBER
621 144 789 177 xxxxi.
830 144 922 177 CAP.
946 145 996 177 11.
1019 146 1070 178 12.
1395 147 1475 186 237

63 251 296 303 fugientium
317 248 462 299 accepit
481 259 561 294 rex,
582 247 734 287 traiecit
751 247 855 286 ferro
877 253 1027 299 pectus,
1049 260 1098 287 ne
1119 249 1228 288 vivus
1252 255 1475 301 caperetur3

67 307 183 348 ceteri
211 305 308 357 capti
329 309 394 343 aut
415 304 545 343 occisi.
587 304 663 343 duo
687 304 827 343 deinde
848 305 1012 356 oppida,
1035 305 1165 344 Mutila
1187 312 1224 344 et
1245 306 1421 353 Faveria,
1442 307 1476 345 vi
1507 313 1525 344 7

66 370 176 417 capta
203 367 241 402 et
269 361 402 400 deleta.
443 360 606 412 praeda,
627 367 671 400 ut
698 361 736 400 in
767 366 878 412 gente
904 361 1033 413 inopi,
1063 374 1133 413 spe
1162 362 1288 401 maior
1323 363 1418 409 fuit,
1441 368 1478 402 et
1507 367 1526 399 8

66 420 193 460 omnis
222 418 408 457 militibus
439 429 625 457 concessa
647 424 716 457 est.
758 418 928 469 quinque
966 418 1069 457 milia
1100 418 1268 469 capitum
1299 424 1477 459 sescenta

63 476 218 526 triginta
240 474 316 514 duo
341 474 413 514 sub
438 487 582 513 corona
603 475 819 514 venierunt.
862 480 1040 514 auctores
1068 475 1154 514 belli
1183 475 1297 526 virgis
1321 476 1419 515 caesi
1441 482 1477 515 et

64 531 190 571 securi
212 532 402 583 percussi.
444 531 588 570 Histria
611 536 692 570 tota
712 531 830 570 trium
854 532 1092 583 oppidorum
1121 532 1268 571 excidio
1292 538 1330 571 et
1352 538 1477 571 morte
1508 539 1526 570 9

62 588 165 639 regis
187 593 321 640 pacata
342 593 414 634 est,
437 600 652 639 omnesque
673 588 845 639 undique
865 588 1000 640 populi
1017 588 1220 628 obsidibus
1243 589 1340 628 datis
1358 588 1398 627 in
1416 589 1478 627 di-

63 645 214 685 cionem
235 650 437 684 venerunt.

179 702 258 742 Sub
276 701 433 741 Histrici
448 701 566 740 finem
583 700 670 739 belli
687 701 789 752 apud
808 700 968 751 Ligures
987 701 1148 740 concilia
1165 701 1211 740 de
1228 701 1326 741 bello
1344 701 1477 741 haberi
1509 704 1562 742 12

63 764 212 810 coepta.
253 758 311 798 Ti.
334 758 512 798 Claudius
533 758 766 809 proconsul,
798 758 863 809 qui
884 764 1042 809 praetor
1062 759 1193 810 priore
1215 771 1318 798 anno
1340 759 1476 805 fuerat,

63 828 150 854 cum
182 816 378 867 praesidio
406 815 569 866 legionis
598 814 713 854 unius
743 815 844 854 Pisis
874 820 1063 866 praeerat.
1107 815 1215 854 cuius
1245 815 1380 855 litteris
1411 828 1474 854 se·
1508 822 1526 853 2

62 877 176 911 natus
200 872 340 911 certior
360 872 502 919 factm,
534 884 598 910 eas
624 872 730 923 ipsas
758 872 905 911 litteras
939 872 985 911 ad
1015 872 1054 911 C.
1090 871 1289 911 Claudium
1311 895 1365 900 —
1386 884 1477 911 nam

63 928 159 968 alter
179 929 316 968 consul
338 929 411 968 iam
434 929 474 967 in
497 928 718 968 Sardiniam
740 929 943 968 traiecerat
963 952 1016 957 —
1039 928 1269 968 deferendas
1293 934 1423 968 censet
1444 934 1480 969 et

62 985 179 1025 adicit
200 985 418 1032 decretum,
449 986 633 1037 quoniam
663 985 806 1025 Histria
828 986 1026 1036 provincia
1049 986 1225 1025 confecta
1247 992 1367 1032 esset,
1391 986 1423 1025 si
1446 986 1478 1025 ei
1507 992 1526 1023 3

62 1042 270 1089 videretur.
293 1043 502 1082 exercitum
525 1043 745 1082 traduceret
765 1043 804 1081 in
821 1042 994 1093 Ligures.
1037 1042 1152 1082 simul
1165 1055 1209 1081 ex
1226 1043 1361 1083 litteris
1380 1055 1479 1082 con-
1507 1049 1528 1079 4

63 1099 171 1146 subs,
194 1111 289 1149 quas
312 1099 358 1138 de
380 1099 496 1138 rebus
518 1100 557 1138 in
579 1099 723 1138 Histria
744 1099 861 1150 gestis
885 1100 1108 1150 scripserat,
1131 1099 1169 1138 in
1193 1100 1356 1139 biduum
1380 1112 1477 1150 sup-

62 1155 218 1207 plicatio
241 1156 404 1195 decreta.
446 1161 483 1194 et
505 1156 550 1195 ab
574 1156 693 1195 altero
717 1156 875 1195 consule
897 1156 954 1194 Ti.
980 1156 1218 1207 Sempronio
1242 1157 1279 1195 in
1302 1156 1477 1195 Sardinia

61 1224 254 1264 prospere
283 1225 344 1251 res
381 1218 500 1263 gesta.
552 1213 763 1251 exercitum
799 1213 837 1251 in
867 1225 1001 1264 agrum
1036 1213 1251 1252 Sardorum
1276 1213 1475 1252 Iliensium
1506 1221 1525 1251 5

60 1268 230 1315 induxit3
247 1268 472 1308 Balarorum
484 1281 618 1319 magna
631 1270 770 1308 auxilia
780 1269 982 1308 Iliensibus
994 1275 1194 1316 venerant;
1211 1282 1298 1308 cum
1314 1275 1478 1321 utraque

61 1330 174 1376 gente
203 1325 324 1376 signis
356 1325 517 1365 conlatis
547 1326 729 1364 conflixit.
770 1326 847 1365 fusi
874 1325 1071 1377 fugatique
1098 1326 1233 1365 hostes
1263 1326 1477 1377 castrisque

61 1382 178 1429 exuti,
201 1382 407 1422 duodecim
429 1382 530 1421 milia
553 1388 792 1422 armatorum
815 1395 937 1422 caesa.
980 1388 1139 1433 postero
1170 1383 1230 1422 die
1252 1395 1360 1422 arma
1380 1383 1477 1422 lecta
1507 1391 1526 1423 6

61 1439 186 1478 conici
209 1439 246 1478 in
269 1451 446 1478 acervum
470 1439 583 1478 iussit
605 1439 753 1485 consul,
777 1451 1010 1491 sacrumque
1032 1439 1069 1478 id
1087 1439 1257 1479 Vulcano
1281 1440 1476 1479 cremavit.

61 1540 185 1573 tumuli
204 1543 277 1580 hat,
302 1551 339 1572 so
363 1551 465 1573 verm.
491 1540 618 1573 Vahlen
643 1543 735 1585 capti

58 1586 162 1618 simul
177 1597 222 1618 ea:
234 1587 488 1629 —sugz'entium
505 1588 661 1618 nuntium
675 1597 731 1618 ac-

60 1633 157 1675 cepit,
176 1632 256 1663 doch
276 1633 366 1663 wiire
385 1633 444 1663 der
458 1632 633 1664 Ausdruck
646 1643 732 1664 ηιιη-

60 1678 146 1709 tium
172 1688 217 1709 ex
243 1677 355 1720 aliqua
385 1687 422 1709 re
445 1679 596 1720 accipere
630 1687 733 1718 unge-

62 1722 234 1754 wo'hnlicb.
259 1740 302 1745 —-
327 1724 470 1761 tralecit,
495 1723 584 1754 viell.
604 1722 734 1754 bezieht

62 1768 130 1799 sicli
162 1767 293 1800 hieraul'
319 1769 378 1800 der
405 1767 491 1799 Vers
522 1768 580 1799 des
606 1767 730 1799 Ennius

62 1813 114 1845 bei
137 1813 247 1845 Varro
273 1813 309 1845 L.
334 1813 370 1845 L.
397 1813 431 1854 6,
459 1813 517 1844 82:
544 1824 602 1845 ros
627 1812 732 1857 Epulo

58 1861 237 1903 postquam
256 1861 381 1902 spen-il,
401 1858 492 1890 Fest.
512 1869 542 1900 p.
561 1858 641 1890 330:
660 1860 732 1901 spi-

60 1905 118 1937 cit.
137 1922 180 1927 -—
199 1904 320 1937 Mutila
338 1908 370 1936 et
385 1904 479 1946 Facu,
499 1904 596 1945 jenes
614 1914 653 1935 an
673 1905 733 1935 der

61 1950 216 1982 Siidseite
231 1950 290 1982 der
304 1950 487 1990 llalbinsel,
501 1950 553 1981 die
563 1949 651 1989 Lago
666 1960 729 1981 von

63 1995 205 2027 Faveria
223 1996 267 2027 ist
286 1996 375 2028 nicht
393 1995 495 2026 niiher
513 1995 668 2027 bekannt.
687 2014 726 2018 —-

62 2043 98 2072 et
114 2042 234 2081 omnis,
252 2040 457 2082 vgl.40,16,
477 2041 514 2079 93
542 2040 595 2081 24,
624 2040 673 2081 16,
693 2041 728 2072 5:

61 2085 190 2128 praeda
221 2088 329 2118 omnis
353 2089 592 2130 praeterquam
623 2087 730 2119 leomi-

62 2141 142 2162 rmm
157 2133 364 2174 captivorum
379 2131 481 2163 militi
492 2142 651 2164 concessa
664 2134 732 2169 θείς

66 2173 119 2213 23,
142 2174 194 2214 37,
221 2175 259 2206 13
283 2187 314 2208 u.
334 2187 384 2215 a.3
410 2177 532 2208 ebenso
558 2178 601 2209 ist
625 2179 733 2209 omnis

66 2229 105 2250 nn
123 2230 156 2251 u.
176 2219 226 2252 St.
244 2231 284 2251 zu
303 2222 456 2262 nebmen,
480 2222 680 2264 vgl.jedocli
701 2223 732 2263 7,

70 2265 126 2303 113,
151 2264 188 2302 3,
214 2276 253 2296 zu
278 2269 309 2297 et
335 2267 371 2306 6,
400 2266 455 2303 13,
480 2266 516 2297 G:
542 2268 734 2311 praedaque

65 2312 175 2342 omnis
189 2329 207 2333 —
223 2321 381 2343 concessa
394 2314 460 2350 θείς
482 2312 511 2350 7,
527 2312 579 2353 37,
597 2313 654 2352 173
673 2324 734 2353 ge-

66 2355 229 2387 wiibnlich
249 2356 329 2388 wird
345 2356 397 2388 die
414 2356 617 2398 Bennerkung
630 2368 734 2401 asyn-

64 2400 191 2432 detisch
210 2401 379 2442 angeliigt,
399 2413 425 2433 s.
446 2402 475 2439 7,
495 2402 548 2441 2-1,
567 2403 604 2441 9;
631 2405 662 2443 9,
681 2403 733 2445 23,

68 2445 125 2485 173
150 2446 190 2478 ib.
212 2446 265 2487 31,
285 2447 322 2484 ὃς
349 2448 407 2483 37,
434 2447 490 2485 11);
520 2447 653 2487 14),·15,
675 2448 732 2488 143

65 2489 119 2530 23,
147 2492 196 2530 15,
220 2492 257 2531 (33
290 2493 343 2530 24,
373 2493 422 2530 lli,
450 2493 486 2532 5,
512 2493 592 2524 oder
616 2505 655 2525 ea
677 2504 734 2534 ge-

65 2534 214 2575 braucht,
234 2548 260 2569 s.
279 2538 332 2576 30,
354 2539 385 2578 Τ,
405 2538 436 2577 2,
463 2538 524 2569 wi«=
542 2539 623 2570 auch
642 2549 681 2570 an
701 2550 732 2571 u.

64 2581 115 2612 St.
139 2592 242 2614 verm.
267 2584 361 2615 wird.
385 2602 429 2606 —
451 2586 579 2616 auctor.
605 2585 646 2627 ΖΑ,
671 2585 733 2616 wie

807 1546 902 1573 sonst
919 1541 970 1573 bei
989 1542 1089 1573 schon
1109 1540 1380 1574 unterworfenen
1397 1541 1478 1573 vol-

804 1587 899 1627 kern,
919 1597 946 1618 s.
965 1586 1018 1628 29,
1036 1586 1067 1626 3,
1085 1587 1122 1625 43
1149 1587 1177 1628 9,
1203 1586 1256 1625 24,
1284 1587 1341 1626 153
1370 1587 1420 1625 10,
1451 1587 1478 1626 1,

807 1631 825 1662 3
844 1634 875 1663 1'1.
901 1642 930 1663 a.
955 1650 998 1655 —
1022 1632 1106 1664 Hist.
1133 1635 1214 1671 loia,
1239 1632 1304 1672 vgl.
1330 1633 1476 1672 dagegen

807 1677 890 1709 Plin.
907 1676 937 1716 3,
960 1677 1009 1716 19,
1030 1677 1092 1709 129
1116 1676 1323 1718 Tuditanus,
1348 1679 1405 1720 qni
1420 1677 1479 1710 do-

806 1725 894 1755 muit
917 1722 1048 1755 Histros
1072 1724 1105 1754 in
1130 1725 1248 1755 statem
1272 1734 1335 1755 sua
1358 1726 1406 1755 ita
1429 1725 1479 1755 in-

808 1770 962 1810 scripsit:
1001 1770 1042 1800 ab
1075 1768 1232 1810 Aquileia
1264 1768 1308 1800 ad
1345 1767 1477 1812 Tityam

795 1814 928 1856 flumen
940 1813 1016 1853 (625
1030 1823 1059 1845 a.
1075 1816 1133 1853 u.),
1149 1813 1378 1853 Periocha593
1395 1816 1478 1857 App.

807 1858 856 1891 Ill.
880 1859 938 1897 103
959 1858 1063 1901 Marq.
1083 1858 1113 1898 3,
1135 1859 1162 1899 l,
1182 1859 1237 1891 47.

854 1898 1011 1937 12—13.
1038 1903 1140 1945 h'rieg
1157 1905 1187 1936 in
1207 1904 1376 1945 Ligurien,
1396 1904 1478 1936 Pro-

805 1951 925 1991 digien,
944 1950 995 1981 die
1015 1950 1150 1981 Colonie
1170 1950 1274 1982 Luna.

853 1995 1056 2039 1-6.praet.‚
1067 2006 1104 2027 er
1114 2005 1183 2027 war
1199 2000 1333 2038 praetor
1348 2006 1480 2038 peregr.

804 2052 973 2082 gewesen,
997 2051 1023 2072 s.
1049 2052 1077 2073 c.
1106 2042 1135 2083 5,
1159 2042 1224 2073 und
1250 2042 1306 2073 hat
1331 2052 1395 2072 nun
1420 2042 1478 2073 das

806 2087 978 2129 imperium
993 2087 1137 2118 militare
1152 2086 1371 2127 beibehaltcu,
1386 2097 1413 2118 s.
1426 2086 1480 2128 32,

809 2133 838 2173 1,
857 2132 896 2173 (33
916 2132 1028 2173 Lange
1047 2132 1074 2172 1,
1089 2131 1172 2171 53S;
1189 2132 1263 2164 503.
1279 2150 1321 2155 —
1360 2143 1480 2172 raama,

808 2188 834 2210 s.
861 2189 902 2209 zu
927 2178 981 2218 25,
1014 2178 1064 2218 15,
1088 2178 1126 2217 Ως
1152 2177 1213 2217 42,
1239 2177 1299 2219 58,
1350 2203 1356 2209 .
1380 2180 1477 2209 —1'11

805 2223 920 2263 Surak,
940 2223 1056 2266 Polyb.
1076 2222 1128 2263 2⁶,
1144 2223 1177 2255 7:
1195 2221 1288 2266 μετὰ
1308 2221 1479 2265 τὴνάπο-

808 2265 942 2310 στολὴν
959 2269 1031 2301 τῶν
1050 2265 1202 2301 ὑπάτων
1223 2270 1395 2311 Τιβερίου
1419 2269 1475 2299 καὶ

808 2313 1000 2347 Κλαυδίου
1023 2314 1087 2356 τὴν
1111 2312 1205 2357 πρὸς
1230 2309 1395 2356 ’Tarpeis’
1418 2313 1474 2344 καὶ

809 2357 978 2404 Ἀγριόυς
996 2362 1058 2399 (¹5).
1075 2379 1114 2383 —
1132 2361 1164 2391 si
1177 2359 1295 2399 eii-id„
1316 2359 1368 2398 3⁴3,
1391 2358 1417 2395 1,
1439 2358 1475 2395 53

806 2405 924 2446 40,3‹‘›‚
936 2405 970 2437 11
989 2416 996 2443 ς
1014 2405 1122 2446 Lange
1133 2406 1163 2445 2,
1176 2404 1366 2436 :3‹3:3.-r‹›s
1378 2407 1480 2444 gesta

806 2452 1013 2492 gewiilinlich
1040 2452 1101 2482 wic
1126 2451 1248 2482 vorbi-r
1271 2460 1324 2481 res
1345 2452 1477 2490 gestae,

806 2507 867 2528 zur
887 2496 1137 2535 wortstvllung
1156 2506 1195 2526 zu
1215 2495 1267 2529 31,
1286 2494 1340 2534 21,
1360 2494 1396 2532 3,
1424 2494 1477 2534 32,

807 2541 861 2582 31,
880 2542 912 2573 2.
930 2560 975 2565 -
995 2542 1104 2573 Halar.
1126 2551 1219 2574 anm„
1245 2551 1272 2570 r.
1298 2541 1329 2578 (ἱ,
1354 2540 1384 2578 (ἱ,
1411 2540 1476 2579 vgl.

806 2598 834 2618 c.
858 2587 908 2628 10,
935 2588 963 2619 ἵ.
990 2606 1027 2610 —
1048 2596 1215 2627 snrrnmq.
1235 2587 1256 2616 ι’,
1278 2584 1389 2626 Vnde„
1412 2586 1476 2625 vgl.
