1712 2825
209 193 290 232 254
642 189 769 223 LIBER
785 189 951 223 xxxxi.
1000 190 1091 222 CAP.
1111 189 1166 222 21.

207 293 378 344 legiones
416 292 596 332 consules
633 292 802 332 scribere
836 292 934 331 iussi
976 303 1065 330 cum
1099 291 1203 330 iusto
1238 303 1402 331 numero
1438 291 1638 343 peditum
1668 317 1670 319 »

209 350 471 401 equitumque,
493 354 531 389 et
550 350 681 389 decem
703 349 805 387 milia
827 348 1001 399 peditum
1031 347 1148 386 sociis
1169 348 1362 399 imperare
1390 352 1429 387 et
1454 359 1614 387 sescen-

207 413 269 445 tos
291 405 450 457 equites.
491 405 650 445 dilectus
674 404 896 444 consulibus
919 417 964 442 eo
987 403 1179 443 difficilior
1199 409 1290 451 erat,
1306 404 1409 456 quod
1427 405 1613 455 pestilen-
1696 385 1706 390 -

1454 207 1480 224 a.
1501 206 1530 225 u.
1550 199 1628 226 58ομ

207 463 271 508 tia,
292 474 389 514 quae
409 461 542 514 priore
563 473 666 501 anno
688 462 727 500 in
748 461 867 500 boves
888 460 1097 511 ingruerat,
1118 472 1164 499 eo
1185 465 1328 500 veterat
1347 461 1386 499 in
1408 461 1614 500 hominum
1678 501 1683 503 ,
1703 487 1707 505 ;

207 519 383 558 morbos.
426 519 489 569 qui
511 518 735 564 inciderant,
755 517 856 556 haud
877 517 987 556 facile
1009 517 1220 568 septimum
1242 517 1342 556 diem
1366 516 1612 568 superabant,

208 576 272 626 qui
303 579 579 626 superaverant
608 574 843 624 longinquo,
878 572 1044 612 maxime
1071 578 1298 624 quartanae,
1333 572 1614 624 inplicabantur

208 631 359 670 morbo.
400 631 551 669 servitia
574 630 740 669 maxime
762 629 1041 677 moriebantur,
1066 641 1200 668 eorum
1222 633 1370 679 strages
1391 641 1461 680 per
1483 629 1612 668 omnis
1652 626 1674 675 [-

205 687 284 726 vias
305 687 588 738 insepultorum
611 691 704 725 erat.
744 698 794 724 ne
814 686 1029 725 liberorum
1051 685 1205 737 quidem
1225 685 1426 725 funeribus
1447 685 1614 725 Libitina
1672 727 1678 730 ,

207 743 434 783 sufficiebat.
477 743 658 782 cadavera
690 742 830 781 intacta
859 755 879 781 a
908 741 1068 781 canibus
1099 754 1143 781 ac
1169 741 1386 781 volturibus
1413 742 1522 781 tabes
1544 741 1614 781 ab-

207 799 396 845 sumebat,
434 799 604 850 satisque
636 798 836 838 constabat
863 810 935 837 nec
962 798 1026 837 illo
1055 810 1127 837 nec
1157 798 1287 850 priore
1315 809 1417 837 anno
1442 798 1483 837 in
1506 802 1614 837 tanta
1675 806 1677 810 ⁴

207 860 333 906 strage
353 856 472 894 boum
495 855 777 906 hominumque
797 854 1006 893 volturium
1027 867 1193 906 usquam
1214 854 1353 894 visum.
1395 854 1614 894 sacerdotes
1672 871 1679 876 ·

205 912 348 963 publici
372 924 414 950 ea
437 911 652 963 pestilentia
674 911 817 950 mortui
841 916 933 950 sunt
953 910 1019 950 Cn.
1046 911 1231 950 Servilius
1254 910 1397 961 Caepio
1425 910 1613 962 pontifex,
1673 907 1687 962 J

203 973 312 1020 pater
339 968 553 1019 praetoris,
583 973 620 1006 et
646 967 703 1006 Ti.
742 967 999 1018 Sempronius
1031 967 1089 1005 Ti.
1120 967 1219 1006 filius
1240 967 1399 1017 Longus
1422 966 1615 1006 decemvir

205 1036 407 1063 sacrorum
429 1028 466 1062 et
486 1023 528 1062 P.
551 1023 680 1062 Aelius
702 1023 841 1062 Paetus
863 1035 985 1074 augur
1005 1028 1042 1062 et
1062 1023 1119 1062 Ti.
1139 1023 1395 1074 Sempronius
1417 1022 1614 1062 Gracchus

207 1085 245 1119 et
264 1080 302 1119 C.
326 1079 471 1118 Atellus
492 1079 682 1118 Mamilius
705 1079 810 1118 curio
833 1080 1025 1118 maximus
1047 1087 1081 1118 ec
1100 1079 1148 1118 M.
1171 1079 1428 1130 Sempronius
1450 1078 1610 1118 Tudita-

204 1148 280 1175 nus
296 1137 488 1188 pontifem.
523 1135 727 1187 pontifices
747 1135 895 1174 suffecti
918 1141 1010 1174 sunt
1029 1135 1068 1174 C.
1088 1135 1282 1186 Sulpicius
1300 1135 1417 1174 Galba
1433 1137 1475 1174 in
1491 1134 1617 1174 Iocum
1685 1149 1695 1191 .'

205 1191 418 1245 Caepionis,
456 1211 476 1229 ÷÷
513 1211 533 1227 κ
570 1212 589 1227 ψ
624 1192 663 1230 in
699 1191 828 1230 locum
865 1191 1058 1231 Tuditani.
1121 1203 1287 1242 augures
1333 1191 1483 1230 suffecti
1524 1194 1616 1230 sunt

205 1249 246 1288 in
267 1248 429 1288 Gracchi
455 1248 584 1287 locum
614 1248 657 1286 T.
687 1248 866 1287 Veturius
900 1248 1124 1298 [Gracchus]
1157 1247 1481 1299 Sempronianus,
1510 1247 1549 1286 in
1569 1246 1613 1285 Ρ.

205 1349 266 1380 deu
286 1348 511 1390 plebejischen
527 1348 703 1380 Claudiern
722 1348 873 1388 gehiirte.

205 1411 249 1416 ——
265 1395 338 1425 sine
360 1393 486 1437 suppl.,
513 1394 590 1424 dass
608 1392 762 1434 Truppen
781 1393 877 1424 dort-

205 1438 256 1470 hin
276 1439 448 1478 gescbickt
466 1438 602 1469 worden
621 1438 723 1476 scien,
748 1438 792 1469 ist
809 1448 836 1468 c.
855 1437 874 1468 9

205 1483 294 1514 nicht
325 1483 527 1523 angegeben.
556 1500 600 1505 -—
627 1492 703 1514 cum
731 1482 775 1514 ist
803 1482 876 1513 hier

205 1528 283 1559 sehr
299 1527 497 1566 auffanend,
522 1527 588 1567 vgl.
609 1527 668 1565 42,
693 1526 752 1567 35,
771 1527 806 1558 4:
831 1527 875 1558 Ie-

200 1575 321 1614 giones
335 1591 357 1595 -
370 1575 460 1604 iusto
477 1582 620 1604 numero
635 1571 796 1615 peditum,
814 1581 877 1603 nur

204 1617 331 1649 ahnlich
358 1618 430 1649 sind
454 1616 711 1657 Verbindungen
734 1617 796 1648 wie
821 1616 875 1656 44,

205 1662 266 1702 29,
295 1661 329 1693 6:
349 1663 457 1705 sama
485 1672 560 1694 cum
583 1672 711 1704 magno
732 1671 875 1693 numero

202 1707 354 1750 peditum
409 1707 622 1750 equitumque
673 1708 877 1738 venientium

207 1751 396 1793 Gallorum,
420 1763 446 1784 s.
466 1763 507 1784 zu
525 1753 582 1794 40,
608 1752 668 1792 57,
693 1751 729 1790 23
750 1751 832 1783 Sall.
850 1750 874 1782 l.

205 1797 262 1838 49,
286 1797 315 1829 1.
333 1816 377 1819 —
394 1799 495 1838 iusto,
514 1797 554 1828 ob
573 1796 660 1828 5000
678 1797 758 1828 oder
775 1795 874 1836 5200,

205 1852 230 1873 s.
247 1841 302 1882 42,
321 1841 373 1882 35,
387 1843 417 1881 4,
436 1843 480 1874 ist
492 1842 582 1874 nicht
596 1841 680 1881 klar,
695 1852 721 1873 s.
739 1841 875 1874 Momm-

205 1897 263 1918 sen
281 1887 333 1918 die
352 1886 475 1918 Tribus
497 1885 572 1918 123.

250 1932 337 1963 5-7.
376 1932 501 1971 dilect„
526 1931 589 1962 wie
614 1931 674 1970 40,
701 1929 758 1970 19,
782 1931 811 1961 7.
830 1947 874 1952 —

202 1976 331 2018 peslil.,
356 1987 383 2007 s.
412 1976 446 2017 1,
470 1976 508 2007 31
523 2000 531 2016 ,
555 1976 585 2007 5.
605 1994 647 1998 —
665 1977 781 2018 priore
798 1979 873 2014 etc„

205 2020 326 2062 obseq.
362 2021 416 2051 1οε
453 2020 498 2052 M.
528 2019 654 2062 Lepido
691 2019 726 2058 Q.
761 2018 872 2051 Mucio

204 2075 290 2097 coss.
328 2067 432 2106 grat-i
472 2065 662 2108 pestilentia
701 2065 874 2095 leontinum

206 2111 369 2151 boumque
397 2109 562 2141 cadavera
589 2120 654 2140 non
679 2109 875 2150 sqlficiento

206 2154 352 2186 Libitina
369 2165 443 2186 cum
461 2156 605 2185 iacerent
624 2153 792 2185 vulturius
809 2164 873 2185 nou

207 2201 378 2242 apparuit.
393 2217 436 2223 -—
451 2210 488 2230 ao
502 2202 597 2238 vert„
612 2199 641 2229 in
658 2199 730 2229 deni
747 2196 875 2229 lausen-

206 2245 267 2275 den
291 2244 338 2283 .Ι.,
361 2244 382 2285 ξ
406 2244 441 2274 7:
465 2243 519 2275 illo
544 2262 564 2266 —
589 2246 711 2275 verte-r.
737 2245 768 2274 ιή
796 2247 873 2282 etc.,

207 2290 296 2320 hatte
314 2289 366 2320 die
383 2288 559 2328 VVcnduug
576 2298 778 2327 gononum-n,
797 2288 873 2319 dass

208 2353 226 2356 —
244 2334 454 2373 cntstnndem
478 2333 530 2374 27,
550 2334 602 2372 23,
622 2334 657 2363 (iz
681 2332 874 2375 pestilentia

208 2398 225 2401 η
243 2381 355 2419 magis
377 2380 409 2410 in
433 2379 569 2410 morbos
587 2378 706 2418 longus
723 2388 820 2420 quam
840 2379 871 2408 in

204 2423 412 2466 periculosos
430 2425 541 2455 evasit.
567 2441 604 2445 —-
627 2423 743 2460 incid,
772 2433 798 2453 s.
818 2423 870 2459 25,

207 2468 265 2508 26,
289 2469 319 2499 8.
338 2487 380 2491 —
397 2467 490 2500 haud
502 2469 592 2509 sam,
617 2468 714 2499 meist
738 2467 789 2498 od.
812 2477 869 2505 ge-

206 2513 370 2544 wiihnlich
389 2514 495 2552 nicht3
521 2517 615 2544 sonst
632 2513 737 2544 mehr:
763 2512 871 2544 knuin.

207 2576 249 2581 —-
265 2558 429 2600 Ionghnq„
459 2558 489 2599 1,
513 2557 572 2596 31,
595 2558 626 2589 5.
646 2575 684 2580 —-
705 2559 869 2599 quartam,

207 2603 269 2633 wie
293 2614 319 2634 c.
344 2602 403 2643 21,
430 2603 464 2634 5:
494 2614 589 2637 oscae
613 2613 643 2634 u.
667 2613 804 2634 munus.
829 2618 870 2623 ——-

947 1350 1071 1390 straga,
1097 1347 1127 1387 3,
1153 1348 1183 1388 7,
1203 1348 1294 1380 6.-
1310 1347 1493 1388 Libit.,40,
1513 1347 1565 1388 19,
1584 1346 1615 1380 3.

947 1411 990 1416 -—
1017 1404 1059 1424 ne
1087 1393 1141 1425 Ie'b.
1171 1393 1278 1435 quid.‚
1307 1393 1450 1425 Sclaveu
1479 1392 1616 1424 wurdeu

946 1437 1018 1469 also
1043 1438 1150 1469 selteu
1176 1439 1206 1469 in
1232 1439 1342 1470 dieser
1361 1437 1478 1470 Weise
1495 1438 1618 1478 begra-

947 1482 1022 1514 ben.
1040 1500 1085 1505 ——
1103 1484 1212 1521 labes,
1237 1494 1264 1514 c.
1287 1483 1343 1523 15,
1367 1481 1406 1522 23
1427 1482 1486 1520 21,
1506 1481 1566 1522 39,
1583 1481 1615 1514 2.

948 1545 993 1550 -—
1014 1527 1152 1567 voltur„
1182 1527 1242 1567 27,
1269 1527 1325 1566 11,
1355 1528 1392 1568 4,
1415 1527 1520 1559 neben
1542 1527 1616 1559 dem

948 1572 1145 1612 vorbergeh.
1175 1572 1378 1613 volturibus,
1412 1572 1475 1604 wie
1502 1571 1616 1604 ludius

948 1617 1013 1648 und
1030 1617 1120 1649 ludio
1140 1617 1170 1656 7,
1189 1617 1220 1657 2,
1239 1617 1270 1648 4.

995 1661 1104 1693 8-11.
1143 1662 1268 1705 publici
1291 1661 1368 1693 weil
1392 1661 1441 1693 sie
1465 1661 1518 1693 die
1535 1661 1617 1693 reli-

947 1707 1063 1747 giosen
1104 1706 1409 1748 Angelegeuheiten
1454 1704 1509 1738 siit·
1552 1706 1615 1738 den

949 1752 1045 1783 Staat
1061 1752 1242 1792 besor-gen,
1266 1762 1291 1784 s.
1311 1751 1370 1790 42,
1394 1750 1454 1792 28,
1476 1751 1534 1790 103
1559 1750 1614 1792 26,

949 1795 1004 1836 23,
1024 1797 1041 1827 7
1057 1807 1087 1828 u.
1102 1806 1131 1828 a.
1144 1821 1153 1837 ‚
1171 1797 1375 1838 vollstiiudig
1388 1796 1417 1838 8,
1436 1796 1468 1837 9,
1481 1795 1516 1828 4:
1532 1806 1615 1839 pon-

948 1842 1042 1884 tifex
1062 1841 1216 1884 publicus
1236 1841 1354 1885 populi
1373 1840 1430 1882 R„
1454 1840 1560 1883 Marq.
1583 1841 1614 1880 4,

951 1886 1024 1918 166.
1049 1904 1093 1909 —
1116 1885 1211 1918 Serv.
1238 1886 1354 1930 Caep.,
1377 1885 1436 1927 25,
1459 1885 1497 1926 2,
1521 1885 1553 1917 2.
1570 1902 1616 1908 -

952 1930 1000 1963 Τί.
1024 1930 1090 1971 fil„
1114 1931 1166 1962 die
1185 1931 1240 1962 Hs.
1260 1931 1315 1962 hut
1337 1929 1483 1972 Tetifil„
1508 1930 1616 1962 wahr-

947 1975 1124 2007 schciulich
1143 1976 1187 2006 ist
1204 1975 1264 2006 der
1282 1974 1335 2015 27,
1353 1974 1382 2016 6,
1403 1974 1442 2006 16
1457 1975 1537 2007 nach
1551 1975 1615 2007 den

947 2020 1022 2051 Hss.
1054 2019 1088 2051 C.
1116 2020 1163 2061 fil.
1193 2024 1358 2060 genanntc
1381 2020 1526 2060 gemeiut
1548 2020 1615 2052 und

947 2065 999 2095 die
1024 2065 1096 2095 cine
1122 2065 1202 2096 oder
1219 2065 1342 2096 andere
1357 2064 1508 2096 Relation
1527 2064 1614 2097 nicht

948 2109 1077 2149 richlig.
1102 2127 1146 2132 —
1171 2109 1305 2150 .-lel1‘us,
1335 2110 1393 2150 27,
1422 2108 1480 2149 36,
1510 2109 1542 2142 5.
1569 2127 1615 2133 -—

950 2153 1096 2195 Grac-cli„
1114 2154 1167 2193 29,
1183 2156 1235 2196 38,
1250 2156 1286 2192 73
1304 2155 1386 2186 auch
1400 2154 1483 2186 dnzu
1497 2155 1615 2195 gehb‘rt

946 2209 1072 2242 augur,
1091 2198 1258 2231 eiufucher
1276 2200 1366 2231 wiire
1380 2199 1501 2232 Aelius
1514 2201 1547 2232 et
1563 2198 1613 2234 Ti.

946 2243 981 2276 S.
1003 2244 1058 2276 Gr.
1078 2255 1241 2285 augurem
1259 2262 1302 2268 —
1320 2244 1433 2283 aneu„
1458 2243 1512 2284 27,
1532 2243 1564 2285 8,
1581 2243 1614 2277 2.

946 2307 989 2312 —
1012 2288 1141 2329 Tacite„
1167 2290 1225 2329 39,
1251 2289 1304 2321 46.
1322 2308 1360 2313 —
1381 2291 1414 2321 in
1432 2289 1492 2321 loc.
1513 2288 1612 2333 Caep.

946 2335 1009 2364 und
1028 2335 1087 2365 der
1106 2334 1207 2366 Nauio
1224 2335 1282 2366 des
1301 2334 1443 2366 zweiten
1462 2332 1614 2376 pontifex

946 2379 990 2409 ist
1006 2378 1233 2418 uusgrsnllen3
1256 2377 1333 2411 Sem
1361 2380 1478 2411 ronias
1494 2389 1526 2411 u.
1544 2382 1614 2411 Ae-

944 2423 1026 2463 lius,
1058 2424 1131 2455 weil
1161 2424 1305 2463 gewisse
1344 2423 1615 2456 ’ricsterthiimer

943 2479 993 2499 nni
1010 2469 1149 2500 licbstcn
1165 2479 1223 2500 uus
1237 2469 1401 2509 gewissen
1412 2468 1613 2501 Geschlech-

946 2517 1017 2544 torn
1043 2514 1173 2545 besetzt
1195 2514 1347 2553 wurden,
1377 2524 1404 2545 s.
1431 2513 1490 2552 25,
1514 2512 1548 2555 2,
1572 2514 1611 2552 2ς

946 2557 1086 2589 Merklin
1102 2558 1314 2601 (lioCooptut.
1330 2558 1453 2590 117.—
1465 2556 1613 2598 Gracclt„

1675 1613 1709 1682 a

1681 1803 1707 1962 ’ἓ

1669 2010 1703 2218 ’ξ

945 2603 984 2633 du
1003 2613 1040 2633 ei·
1053 2603 1318 2647 Sempronianus
1335 2603 1449 2646 heisat,
1467 2613 1504 2635 sn
1521 2610 1615 2635 must
