1712 2825
214 208 295 248 282
686 206 726 239 T.
744 206 830 241 LIVI
856 205 1135 240 FRAGMENTA

214 314 328 360 caput
355 309 402 348 ad
423 309 657 355 Antonium,
687 309 871 360 iussuque
901 309 984 348 eius
1013 308 1114 347 inter
1135 307 1229 347 duas
1251 320 1389 347 manus
1416 308 1456 346 in
1476 308 1613 348 rostris

212 366 404 417 positum,
426 365 492 404 ubi
512 365 574 404 ille
596 366 747 409 consul,
770 366 835 404 ubi
856 378 968 416 saepe
991 364 1221 412 consularis,
1250 365 1317 403 ubi
1338 378 1384 404 eo
1405 365 1490 416 ipso
1512 376 1613 404 anno

212 421 396 461 adversus
418 421 652 469 Antonium,
683 427 826 473 quanta
856 422 960 460 nulla
986 433 1175 472 umquam
1202 421 1373 460 humana
1402 434 1493 468 vox,
1524 433 1614 460 cum

212 478 468 517 admiratione
489 478 731 529 eloquentiae
753 478 906 517 auditus
933 477 1070 516 fuerat.
1113 477 1174 515 vix
1194 477 1414 516 attollentes
1440 489 1536 528 prae
1557 477 1613 516 la-

213 535 343 574 crimis
361 535 492 573 oculos
511 535 692 574 homines
714 534 855 573 intueri
875 533 1065 573 trucidata
1085 533 1260 572 membra
1280 536 1377 572 tanti
1390 533 1480 573 civis
1501 538 1614 585 pote-

212 596 311 630 rant.
337 615 388 619 —
411 591 510 630 Vixit
530 596 610 630 tres
632 597 669 629 et
689 591 884 642 sexaginta
904 601 1045 637 annos,
1067 594 1129 637 ut,
1152 590 1184 628 si
1205 590 1260 628 vis
1281 590 1458 636 afuisset,
1482 601 1530 629 ne
1551 590 1614 629 in-

213 652 366 687 matura
392 647 549 699 quidem
578 660 683 686 mors
715 647 832 686 videri
867 646 1002 698 possit.
1052 645 1251 697 ingenium
1286 651 1324 685 et
1361 647 1540 698 operibus
1576 651 1615 685 et

212 704 393 755 praemiis
415 716 577 755 operum
605 704 716 751 felix,
746 704 826 755 ipse
853 704 1031 742 fortunae
1053 703 1118 742 diu
1146 714 1353 753 prosperae
1376 703 1474 742 etin
1500 703 1613 753 longo

212 765 347 799 tenore
376 760 568 799 felicitatis
598 761 746 811 magnis
767 760 921 799 interim
944 760 1043 798 ictus
1065 759 1308 805 vulneribus,
1338 759 1472 804 exilio,
1503 759 1614 798 ruina

211 817 393 868 partium,
416 829 486 867 pro
509 816 649 868 quibus
671 821 844 863 steterat,
867 816 964 854 filiae
986 821 1124 861 morte,
1148 815 1254 854 exitu
1274 820 1355 853 tam
1376 815 1479 854 tristi
1499 819 1615 866 atque

213 873 370 917 acerbo,
402 873 580 911 omnium
607 873 859 912 adversorum
889 872 1002 918 nihil,
1036 878 1077 910 ut
1099 871 1178 910 viro
1207 871 1366 923 dignum
1398 875 1498 918 erat,
1528 871 1617 910 tulit

214 934 369 980 praeter
390 934 578 974 mortem,
610 941 707 979 quae
728 941 815 967 vere
838 928 1056 967 aestimanti
1078 928 1207 967 minus
1229 928 1383 979 indigna
1404 927 1523 966 videri
1544 939 1617 979 po-

212 985 304 1031 tuit,
342 985 445 1035 quod
472 998 491 1023 a
514 985 657 1024 victore
685 985 840 1024 inimico
869 984 967 1022 m'ln'l
992 984 1182 1023 crudelius
1209 997 1345 1035 passus
1366 989 1467 1030 erat,
1498 996 1615 1035 quam

213 1041 317 1093 quod
339 1041 511 1079 eiusdem
532 1040 712 1080 fortunae
734 1054 879 1092 conpos
907 1041 1000 1079 item
1020 1041 1187 1079 fecisset.
1229 1041 1260 1078 si
1282 1040 1366 1090 quis
1387 1046 1519 1079 tamen
1539 1039 1615 1078 vir—

211 1097 360 1136 tutibus
378 1097 467 1136 vitia
489 1098 670 1148 pensarit,
693 1098 749 1136 vir
770 1110 933 1149 magnus
954 1110 996 1135 ac
1014 1096 1275 1135 memorabilis
1290 1096 1376 1143 fuit,
1399 1096 1490 1135 etin
1507 1096 1616 1135 cuius

211 1154 343 1193 laudes
366 1155 627 1205 exsequendas
645 1154 829 1194 Cicerone
851 1154 1049 1193 laudatore
1072 1166 1168 1204 opus
1190 1153 1317 1192 fuerit.
1359 1151 1500 1191 Seneca
1521 1151 1615 1192 rhet.

211 1211 278 1250 Vll
294 1223 334 1262 p.
359 1210 424 1257 33,
453 1210 522 1259 123
546 1211 611 1258 35,
639 1212 687 1250 15
710 1210 779 1249 Bu.

745 1288 801 1321 Ex
822 1289 891 1329 lilg,
910 1287 1078 1321 CXXVII.

301 1344 356 1381 51)
383 1344 543 1385 Quoniam
567 1345 655 1375 inter
671 1343 857 1385 Augustum
875 1348 907 1374 et
926 1342 1104 1374 Antonium
1129 1341 1288 1383 reliquiae
1307 1346 1403 1373 eraut
1427 1340 1612 1372 dissensio-

212 1389 280 1425 nis,
300 1389 458 1420 Cocceius
479 1389 608 1425 Nerva,
627 1399 770 1431 proavus
790 1388 937 1427 Nervae,
957 1388 1011 1429 qui
1031 1391 1144 1429 postea
1164 1386 1340 1429 imperavit
1357 1386 1497 1425 Romae,
1524 1395 1613 1417 man-

211 1433 302 1465 davit
321 1433 489 1473 Augusto,
516 1440 550 1466 ut
568 1435 733 1474 mitteret,
760 1433 814 1475 qui
833 1434 871 1464 de
891 1443 1014 1464 summa
1034 1441 1143 1463 rerum
1161 1436 1357 1463 tractarent.
1391 1441 1470 1471 ergo
1488 1431 1611 1461 missus

210 1483 261 1510 est
280 1477 454 1509 Mac-renas
479 1490 550 1510 eum
570 1479 731 1521 Agrippa,
757 1478 809 1519 qui
830 1483 1002 1519 utrumque
1021 1476 1203 1508 exereitum
1229 1477 1259 1507 in
1283 1486 1345 1507 una
1365 1481 1475 1508 eastra
1494 1484 1611 1517 coege-

211 1528 300 1555 runt.
334 1524 391 1554 hoe
410 1523 526 1555 Livius
548 1524 603 1555 lib.
625 1534 744 1555 cxxvii.
765 1523 1017 1563 intellegendum
1036 1526 1161 1559 autem,
1188 1522 1272 1563 quod
1291 1520 1429 1552 Fonteio
1453 1521 1554 1552 misso
1572 1520 1612 1552 ab

211 1569 357 1600 Antonio
376 1568 545 1609 Augustus
564 1569 786 1600 Maecenatem
805 1573 837 1599 et
855 1573 985 1599 eeteros
1004 1568 1043 1598 ad
1061 1566 1196 1597 eundem
1221 1567 1326 1597 loeum
1346 1566 1487 1598 miserit.
1522 1567 1613 1598 Acro

211 1614 257 1645 ad
272 1614 386 1645 Horat.
404 1617 468 1645 sat.
488 1614 509 1654 1,
530 1616 559 1653 5,
579 1615 632 1646 29.

302 1659 516 1691 Dissensione
547 1665 620 1691 orta
650 1659 738 1690 inter
768 1658 943 1689 Caesarem
972 1656 1155 1698 Augustum
1184 1655 1428 1698 Antoniumque
1451 1654 1612 1687 Cocceius

211 1703 341 1743 Nerva,
365 1715 447 1735 avus
465 1705 551 1744 eius,
571 1704 624 1746 qui
643 1708 754 1746 postea
775 1703 965 1745 imperavit.
984 1702 1077 1744 petiit
1096 1712 1113 1732 a
1132 1702 1292 1740 Caesare,
1311 1706 1346 1732 ut
1362 1701 1522 1743 aliquem,
1540 1710 1613 1732 cum

213 1750 328 1791 quode
345 1760 468 1781 summa
485 1760 594 1781 rerum
610 1754 785 1787 tractaret,
804 1749 952 1780 mitteret
965 1747 1190 1778 'sarrae-inam.
1226 1751 1257 1778 et
1276 1746 1413 1788 primum
1428 1745 1613 1784 Maecenas,

210 1804 285 1826 mox
305 1799 337 1825 et
351 1794 497 1837 Agrippa
518 1795 668 1835 adgressi
687 1799 774 1831 sunt,
793 1794 888 1835 hique
908 1793 1101 1835 pepigerunt
1118 1792 1213 1822 tidem
1231 1791 1563 1829 contirmatissimam,
1582 1795 1615 1823 et

213 1840 243 1871 in
270 1850 331 1870 una
357 1845 468 1871 eastra
493 1839 640 1871 conferri
665 1840 757 1880 signa
782 1839 956 1880 utriusque
981 1837 1150 1869 exereitus
1175 1837 1352 1868 iusserunt.
1388 1837 1449 1867 hoe
1467 1840 1500 1868 et
1518 1834 1614 1868 Titus

213 1884 330 1916 Livius
357 1884 387 1915 in
414 1885 499 1916 libro
519 1896 627 1916 cxxvii
654 1884 757 1916 refert
782 1888 918 1926 exet-pta
946 1883 1064 1915 Fontei
1083 1882 1252 1924 Capitonis
1277 1881 1452 1913 mentione.
1489 1881 1614 1924 Por-pli.

212 1930 258 1961 ad
275 1930 389 1961 Horae.
407 1933 473 1961 sut.
493 1930 514 1967 Ι,
534 1931 565 1965 5,
584 1930 623 1961 27
635 1940 702 1971 sqq.

304 1975 354 2005 ΑΙ)
372 1975 516 2007 Antonio
536 1975 656 2007 missus
677 1974 787 2006 fuerat
806 1973 964 2005 Fonteius
983 1973 1099 2014 Capito
1118 1972 1264 2013 legatuS,
1287 1971 1327 2003 ab
1347 1971 1498 2011 Augusto
1521 1969 1613 2002 Mae-

214 2030 311 2050 eenas
331 2020 555 2051 intercedente
573 2020 711 2051 Cot-ecio
731 2020 860 2057 Nerva,
880 2029 1004 2060 proavo
1024 2018 1154 2049 Nervae
1174 2016 1402 2058 imperatoris‘,
1423 2015 1477 2057 qui
1496 2020 1528 2047 et
1546 2014 1613 2046 Au-

213 2068 309 2105 gusto
328 2068 361 2094 et
381 2065 524 2096 Antonio
541 2070 657 2103 gratus
676 2069 759 2105 erat,
776 2075 848 2094 enm
868 2064 1023 2104 Agrippa.
1058 2072 1093 2092 ea
1113 2066 1221 2092 autem
1240 2060 1433 2091 condicione
1450 2069 1615 2091 convene-

215 2114 289 2141 rant
309 2108 426 2149 togati,
445 2114 479 2139 ut
504 2110 542 2139 de
560 2120 682 2140 summa
702 2119 810 2140 rerum
830 2112 1014 2139 traetarent
1032 2111 1245 2147 mot-tamque
1263 2105 1502 2136 dissensionem
1526 2105 1614 2137 inter

214 2155 296 2185 duos
315 2154 373 2185 hos
392 2154 609 2195 imperatores
628 2157 877 2195 componet-eun
903 2153 985 2194 qnod
1005 2156 1037 2182 et
1056 2150 1222 2189 fecerunt,
1240 2155 1270 2182 et
1291 2155 1464 2192 utrumque
1480 2149 1614 2183 exerci-

213 2204 281 2231 tum
301 2199 395 2231 iuxta
410 2199 617 2230 Brundisium
637 2199 667 2228 in
684 2208 744 2229 una
759 2202 869 2228 ‹asti-a
888 2208 958 2227 enm
978 2207 1092 2236 magna
1107 2196 1237 2227 laetitia
1251 2200 1442 2237 coegerunt,
1463 2200 1497 2228 ut
1510 2193 1616 2228 refert

215 2244 334 2277 Livius
354 2245 410 2277 lib.
430 2243 596 2276 (lxxxii.
625 2243 732 2274 Selml.
754 2242 981 2284 Fruqm'anum
997 2242 1042 2272 nd
1058 2242 1173 2274 Ilm-ut.
1191 2243 1255 2272 sat.
1276 2240 1298 2280 l,
1318 2242 1348 2279 5,
1367 2241 1421 2272 29.

739 2311 791 2342 Ex
821 2311 887 2341 lib.
907 2309 1089 2341 (ὶΧΧΧΙΙΙ.

306 2368 317 2380 ⁴
339 2367 393 2405 52)
419 2365 518 2398 Titus
543 2365 660 2396 Livius
687 2364 790 2396 refert
822 2365 911 2395 illam
937 2365 1189 2406 (Cleopatram),
1220 2373 1290 2394 eum
1314 2363 1353 2393 de
1386 2361 1549 2393 industria
1573 2360 1613 2393 ab

214 2412 365 2452 Augusto
385 2412 416 2442 in
435 2411 632 2453 eaptivitate
651 2410 875 2448 indulgentius
899 2414 1120 2446 traetaretnr,
1147 2408 1322 2439 identidem
1346 2406 1457 2438 (licere
1480 2407 1613 2438 solitam

215 2456 320 2488 fnisse
335 2455 400 2496 „ot't
416 2452 737 2499 θριαμβιύσομαΗ*
754 2455 783 2485 id
798 2459 845 2485 est
863 2466 924 2486 non
940 2453 1169 2495 trintnphabor
1182 2453 1221 2484 ab
1236 2453 1313 2484 alio.
1342 2452 1464 2494 l’orplo.
1479 2450 1525 2483 ad
1536 2450 1613 2483 Hor.

215 2513 320 2534 earm.
340 2501 361 2540 l,
382 2502 434 2538 557,
455 2503 514 2539 :3¹¹3
535 2500 649 2532 eadmn
668 2500 746 2541 fera·
764 2502 794 2530 vl
818 2501 1046 2531 Acrom'annm
1065 2498 1163 2529 selml.
1185 2500 1216 2528 et
1236 2497 1464 2539 l'ruqm'mmm
1482 2495 1614 2527 ibidem.

748 2567 799 2597 Ex
824 2567 887 2597 tit».
908 2566 1080 2598 CXXXV.

306 2627 317 2640 ⁶
339 2627 392 2666 53>
419 2624 449 2656 lu
469 2625 561 2656 vuius·
579 2624 796 2667 apparitionis
814 2623 878 2662 dio,
895 2623 977 2664 quod
998 2622 1179 2664 Epiphania
1195 2621 1393 2664 appellatur,
1410 2620 1534 2652 Caesar
1548 2619 1615 2654 Au·
