<?xml version="1.0" encoding="UTF-8"?>
<!DOCTYPE html PUBLIC "-//W3C//DTD XHTML 1.0 Transitional//EN"
    "http://www.w3.org/TR/xhtml1/DTD/xhtml1-transitional.dtd">
<html xmlns="http://www.w3.org/1999/xhtml" xml:lang="en" lang="en">
 <head>
  <title>
</title>
<meta http-equiv="Content-Type" content="text/html;charset=utf-8" />
  <meta name='ocr-system' content='tesseract 3.04.00' />
  <meta name='ocr-capabilities' content='ocr_page ocr_carea ocr_par ocr_line ocrx_word'/>
</head>
<body>
  <div class='ocr_page' id='page_1' title='image "./aburbeconditali09livy_0319.png"; bbox 0 0 1712 2825; ppageno 0'>
   <div class='ocr_carea' id='block_1_1' title="bbox 482 188 1458 233">
    <p class='ocr_par' dir='ltr' id='par_1_1' title="bbox 482 188 1458 233">
     <span class='ocr_line' id='line_1_1' title="bbox 482 188 1458 233; baseline 0.01 -10"><span class='ocrx_word' id='word_1_1' title='bbox 482 190 610 224; x_wconf 81' lang='lat' dir='ltr'>LlssER</span> <span class='ocrx_word' id='word_1_2' title='bbox 633 188 815 223; x_wconf 83' lang='grc' dir='ltr'><strong>ΧΧΧΧΠ.</strong></span> <span class='ocrx_word' id='word_1_3' title='bbox 862 189 957 224; x_wconf 85' lang='lat' dir='ltr'><strong>CAP.</strong></span> <span class='ocrx_word' id='word_1_4' title='bbox 984 191 1037 224; x_wconf 88' lang='lat'><strong>11.</strong></span> <span class='ocrx_word' id='word_1_5' title='bbox 1376 191 1458 233; x_wconf 86' lang='lat'><strong>289</strong></span> 
     </span>
    </p>
   </div>
   <div class='ocr_carea' id='block_1_2' title="bbox 57 202 240 230">
    <p class='ocr_par' dir='ltr' id='par_1_2' title="bbox 57 202 240 230">
     <span class='ocr_line' id='line_1_2' title="bbox 57 202 240 230; baseline -0.005 -1"><span class='ocrx_word' id='word_1_6' title='bbox 57 210 82 229; x_wconf 82' lang='lat' dir='ltr'><strong>a.</strong></span> <span class='ocrx_word' id='word_1_7' title='bbox 104 202 158 230; x_wconf 89' lang='lat' dir='ltr'><strong>Ch.</strong></span> <span class='ocrx_word' id='word_1_8' title='bbox 178 203 240 229; x_wconf 77' lang='lat'><strong>172.</strong></span> 
     </span>
    </p>
   </div>
   <div class='ocr_carea' id='block_1_3' title="bbox 47 293 1460 1257">
    <p class='ocr_par' dir='ltr' id='par_1_3' title="bbox 47 293 1460 1257">
     <span class='ocr_line' id='line_1_3' title="bbox 57 293 1458 349; baseline -0.001 -14"><span class='ocrx_word' id='word_1_9' title='bbox 57 296 174 349; x_wconf 87' lang='lat' dir='ltr'><strong>igitur</strong></span> <span class='ocrx_word' id='word_1_10' title='bbox 200 301 243 337; x_wconf 88' lang='lat' dir='ltr'><strong>ut</strong></span> <span class='ocrx_word' id='word_1_11' title='bbox 268 296 433 335; x_wconf 83' lang='lat' dir='ltr'>Romam</span> <span class='ocrx_word' id='word_1_12' title='bbox 463 294 588 343; x_wconf 88' lang='lat' dir='ltr'><strong>venit,</strong></span> <span class='ocrx_word' id='word_1_13' title='bbox 620 299 802 346; x_wconf 84' lang='lat' dir='ltr'><strong>exceptus</strong></span> <span class='ocrx_word' id='word_1_14' title='bbox 831 305 919 334; x_wconf 82' lang='lat' dir='ltr'><strong>eum</strong></span> <span class='ocrx_word' id='word_1_15' title='bbox 947 297 1055 333; x_wconf 81' lang='lat' dir='ltr'><strong>tanto</strong></span> <span class='ocrx_word' id='word_1_16' title='bbox 1077 293 1246 342; x_wconf 83' lang='lat' dir='ltr'>honore,</span> <span class='ocrx_word' id='word_1_17' title='bbox 1268 297 1458 346; x_wconf 87' lang='lat' dir='ltr'><strong>quantum</strong></span> 
     </span>
     <span class='ocr_line' id='line_1_4' title="bbox 56 350 1459 403; baseline -0.002 -10"><span class='ocrx_word' id='word_1_18' title='bbox 56 365 138 393; x_wconf 88' lang='lat' dir='ltr'><strong>non</strong></span> <span class='ocrx_word' id='word_1_19' title='bbox 158 352 302 393; x_wconf 86' lang='lat' dir='ltr'><strong>meritis</strong></span> <span class='ocrx_word' id='word_1_20' title='bbox 321 356 472 392; x_wconf 85' lang='lat' dir='ltr'><strong>tantum</strong></span> <span class='ocrx_word' id='word_1_21' title='bbox 494 352 589 399; x_wconf 82' lang='lat' dir='ltr'><strong>eius,</strong></span> <span class='ocrx_word' id='word_1_22' title='bbox 612 352 682 391; x_wconf 87' lang='lat' dir='ltr'><strong>sed</strong></span> <span class='ocrx_word' id='word_1_23' title='bbox 702 350 899 391; x_wconf 84' lang='lat' dir='ltr'><strong>benefieiis</strong></span> <span class='ocrx_word' id='word_1_24' title='bbox 921 350 1038 390; x_wconf 78' lang='lat' dir='ltr'><strong>etiam</strong></span> <span class='ocrx_word' id='word_1_25' title='bbox 1060 350 1153 398; x_wconf 85' lang='lat' dir='ltr'><strong>suis,</strong></span> <span class='ocrx_word' id='word_1_26' title='bbox 1173 350 1341 401; x_wconf 88' lang='lat' dir='ltr'><strong>ingentia</strong></span> <span class='ocrx_word' id='word_1_27' title='bbox 1362 363 1459 403; x_wconf 89' lang='lat' dir='ltr'><strong>quae</strong></span> 
     </span>
     <span class='ocr_line' id='line_1_5' title="bbox 56 406 1460 460; baseline -0.002 -10"><span class='ocrx_word' id='word_1_28' title='bbox 56 411 97 450; x_wconf 92' lang='lat' dir='ltr'><strong>in</strong></span> <span class='ocrx_word' id='word_1_29' title='bbox 119 422 207 450; x_wconf 89' lang='lat' dir='ltr'><strong>eum</strong></span> <span class='ocrx_word' id='word_1_30' title='bbox 230 413 411 460; x_wconf 85' lang='lat' dir='ltr'><strong>congesta</strong></span> <span class='ocrx_word' id='word_1_31' title='bbox 433 413 559 457; x_wconf 88' lang='lat' dir='ltr'><strong>erant,</strong></span> <span class='ocrx_word' id='word_1_32' title='bbox 582 408 818 449; x_wconf 81' lang='lat' dir='ltr'><strong>existimaret</strong></span> <span class='ocrx_word' id='word_1_33' title='bbox 839 407 969 448; x_wconf 91' lang='lat' dir='ltr'><strong>deberi</strong></span> <span class='ocrx_word' id='word_1_34' title='bbox 991 407 1160 460; x_wconf 88' lang='lat' dir='ltr'><strong>populus</strong></span> <span class='ocrx_word' id='word_1_35' title='bbox 1181 406 1396 455; x_wconf 89' lang='lat' dir='ltr'><strong>Romanus,</strong></span> <span class='ocrx_word' id='word_1_36' title='bbox 1418 407 1460 447; x_wconf 92' lang='lat' dir='ltr'><strong>in</strong></span> 
     </span>
     <span class='ocr_line' id='line_1_6' title="bbox 55 464 1459 506; baseline -0.001 -1"><span class='ocrx_word' id='word_1_37' title='bbox 55 470 232 506; x_wconf 88' lang='lat' dir='ltr'><strong>senatum</strong></span> <span class='ocrx_word' id='word_1_38' title='bbox 263 470 324 505; x_wconf 88' lang='lat' dir='ltr'><strong>est</strong></span> <span class='ocrx_word' id='word_1_39' title='bbox 353 465 610 506; x_wconf 87' lang='lat' dir='ltr'><strong>introductus.</strong></span> <span class='ocrx_word' id='word_1_40' title='bbox 652 478 809 506; x_wconf 89' lang='lat' dir='ltr'><strong>causam</strong></span> <span class='ocrx_word' id='word_1_41' title='bbox 837 465 1013 505; x_wconf 89' lang='lat' dir='ltr'><strong>veniendi</strong></span> <span class='ocrx_word' id='word_1_42' title='bbox 1040 464 1113 504; x_wconf 89' lang='lat' dir='ltr'><strong>sibi</strong></span> <span class='ocrx_word' id='word_1_43' title='bbox 1141 464 1309 504; x_wconf 85' lang='lat' dir='ltr'><strong>Romam</strong></span> <span class='ocrx_word' id='word_1_44' title='bbox 1336 464 1459 504; x_wconf 90' lang='lat' dir='ltr'><strong>fuisse</strong></span> 
     </span>
     <span class='ocr_line' id='line_1_7' title="bbox 60 521 1457 574; baseline 0.001 -13"><span class='ocrx_word' id='word_1_45' title='bbox 60 522 152 562; x_wconf 86' lang='lat' dir='ltr'><strong>dixit</strong></span> <span class='ocrx_word' id='word_1_46' title='bbox 185 527 340 574; x_wconf 87' lang='lat' dir='ltr'><strong>praeter</strong></span> <span class='ocrx_word' id='word_1_47' title='bbox 375 522 622 574; x_wconf 84' lang='lat' dir='ltr'>cupiditatem</span> <span class='ocrx_word' id='word_1_48' title='bbox 656 522 804 564; x_wconf 88' lang='lat' dir='ltr'><strong>visendi</strong></span> <span class='ocrx_word' id='word_1_49' title='bbox 842 522 935 562; x_wconf 89' lang='lat' dir='ltr'><strong>deos</strong></span> <span class='ocrx_word' id='word_1_50' title='bbox 973 521 1250 573; x_wconf 81' lang='lat' dir='ltr'><strong>hominesque,</strong></span> <span class='ocrx_word' id='word_1_51' title='bbox 1290 533 1457 573; x_wconf 90' lang='lat' dir='ltr'><strong>quorum</strong></span> 
     </span>
     <span class='ocr_line' id='line_1_8' title="bbox 51 578 1458 632; baseline -0.001 -14"><span class='ocrx_word' id='word_1_52' title='bbox 51 578 236 619; x_wconf 88' lang='lat' dir='ltr'><strong>beneficio</strong></span> <span class='ocrx_word' id='word_1_53' title='bbox 275 579 315 619; x_wconf 89' lang='lat' dir='ltr'><strong>in</strong></span> <span class='ocrx_word' id='word_1_54' title='bbox 346 592 387 619; x_wconf 91' lang='lat' dir='ltr'><strong>ea</strong></span> <span class='ocrx_word' id='word_1_55' title='bbox 416 580 572 620; x_wconf 86' lang='lat' dir='ltr'><strong>fortuna</strong></span> <span class='ocrx_word' id='word_1_56' title='bbox 602 585 723 627; x_wconf 88' lang='lat' dir='ltr'><strong>esset,</strong></span> <span class='ocrx_word' id='word_1_57' title='bbox 757 592 877 632; x_wconf 88' lang='lat' dir='ltr'><strong>supra</strong></span> <span class='ocrx_word' id='word_1_58' title='bbox 908 591 1024 631; x_wconf 91' lang='lat' dir='ltr'><strong>quam</strong></span> <span class='ocrx_word' id='word_1_59' title='bbox 1056 591 1105 618; x_wconf 90' lang='lat' dir='ltr'><strong>ne</strong></span> <span class='ocrx_word' id='word_1_60' title='bbox 1136 583 1271 631; x_wconf 91' lang='lat' dir='ltr'><strong>optare</strong></span> <span class='ocrx_word' id='word_1_61' title='bbox 1301 578 1458 630; x_wconf 89' lang='lat' dir='ltr'><strong>quidem</strong></span> 
     </span>
     <span class='ocr_line' id='line_1_9' title="bbox 51 635 1459 684; baseline 0 -10"><span class='ocrx_word' id='word_1_62' title='bbox 51 636 220 683; x_wconf 80' lang='lat' dir='ltr'>auderet,</span> <span class='ocrx_word' id='word_1_63' title='bbox 242 636 355 676; x_wconf 88' lang='lat' dir='ltr'><strong>etiam</strong></span> <span class='ocrx_word' id='word_1_64' title='bbox 377 642 420 676; x_wconf 85' lang='lat' dir='ltr'><strong>ut</strong></span> <span class='ocrx_word' id='word_1_65' title='bbox 441 649 572 677; x_wconf 87' lang='lat' dir='ltr'><strong>coram</strong></span> <span class='ocrx_word' id='word_1_66' title='bbox 594 642 772 677; x_wconf 86' lang='lat' dir='ltr'><strong>moneret</strong></span> <span class='ocrx_word' id='word_1_67' title='bbox 793 640 984 684; x_wconf 88' lang='lat' dir='ltr'><strong>senatum,</strong></span> <span class='ocrx_word' id='word_1_68' title='bbox 1005 641 1048 676; x_wconf 92' lang='lat' dir='ltr'><strong>ut</strong></span> <span class='ocrx_word' id='word_1_69' title='bbox 1067 635 1199 675; x_wconf 90' lang='lat' dir='ltr'><strong>Persei</strong></span> <span class='ocrx_word' id='word_1_70' title='bbox 1220 635 1368 676; x_wconf 86' lang='lat' dir='ltr'><strong>conatis</strong></span> <span class='ocrx_word' id='word_1_71' title='bbox 1386 635 1459 674; x_wconf 91' lang='lat' dir='ltr'><strong>ob-</strong></span> 
     </span>
     <span class='ocr_line' id='line_1_10' title="bbox 47 692 1460 746; baseline 0.001 -15"><span class='ocrx_word' id='word_1_72' title='bbox 47 692 146 732; x_wconf 92' lang='lat' dir='ltr'><strong>viam</strong></span> <span class='ocrx_word' id='word_1_73' title='bbox 159 692 242 733; x_wconf 89' lang='lat' dir='ltr'><strong>iret.</strong></span> <span class='ocrx_word' id='word_1_74' title='bbox 277 706 392 734; x_wconf 90' lang='lat' dir='ltr'><strong>orsus</strong></span> <span class='ocrx_word' id='word_1_75' title='bbox 406 693 494 733; x_wconf 90' lang='lat' dir='ltr'><strong>inde</strong></span> <span class='ocrx_word' id='word_1_76' title='bbox 507 707 526 735; x_wconf 84' lang='lat' dir='ltr'><strong>a</strong></span> <span class='ocrx_word' id='word_1_77' title='bbox 541 694 710 746; x_wconf 90' lang='lat' dir='ltr'><strong>Philippi</strong></span> <span class='ocrx_word' id='word_1_78' title='bbox 724 693 897 734; x_wconf 85' lang='lat' dir='ltr'><strong>consiliis</strong></span> <span class='ocrx_word' id='word_1_79' title='bbox 911 705 1046 733; x_wconf 88' lang='lat' dir='ltr'><strong>necem</strong></span> <span class='ocrx_word' id='word_1_80' title='bbox 1059 692 1230 732; x_wconf 86' lang='lat' dir='ltr'><strong>Demetri</strong></span> <span class='ocrx_word' id='word_1_81' title='bbox 1245 692 1298 732; x_wconf 91' lang='lat' dir='ltr'><strong>fili</strong></span> <span class='ocrx_word' id='word_1_82' title='bbox 1315 692 1460 732; x_wconf 88' lang='lat' dir='ltr'><strong>rettulit</strong></span> 
     </span>
     <span class='ocr_line' id='line_1_11' title="bbox 49 749 1458 802; baseline 0.001 -14"><span class='ocrx_word' id='word_1_83' title='bbox 49 749 284 790; x_wconf 86' lang='lat' dir='ltr'><strong>adversantis</strong></span> <span class='ocrx_word' id='word_1_84' title='bbox 306 751 483 790; x_wconf 91' lang='lat' dir='ltr'><strong>Romano</strong></span> <span class='ocrx_word' id='word_1_85' title='bbox 505 751 625 800; x_wconf 71' lang='lat' dir='ltr'><strong>bello,</strong></span> <span class='ocrx_word' id='word_1_86' title='bbox 646 751 920 791; x_wconf 80' lang='lat' dir='ltr'><strong>Bastarnarum</strong></span> <span class='ocrx_word' id='word_1_87' title='bbox 943 754 1097 802; x_wconf 81' lang='lat' dir='ltr'><strong>gentem</strong></span> <span class='ocrx_word' id='word_1_88' title='bbox 1118 750 1281 790; x_wconf 84' lang='lat' dir='ltr'><strong>excitam</strong></span> <span class='ocrx_word' id='word_1_89' title='bbox 1302 749 1458 789; x_wconf 92' lang='lat' dir='ltr'><strong>sedibus</strong></span> 
     </span>
     <span class='ocr_line' id='line_1_12' title="bbox 49 806 1457 859; baseline 0.001 -14"><span class='ocrx_word' id='word_1_90' title='bbox 49 806 149 853; x_wconf 91' lang='lat' dir='ltr'><strong>suis,</strong></span> <span class='ocrx_word' id='word_1_91' title='bbox 178 819 344 859; x_wconf 88' lang='lat' dir='ltr'><strong>quorum</strong></span> <span class='ocrx_word' id='word_1_92' title='bbox 373 808 521 848; x_wconf 82' lang='lat' dir='ltr'>auxiliis</span> <span class='ocrx_word' id='word_1_93' title='bbox 554 808 677 848; x_wconf 86' lang='lat' dir='ltr'><strong>fretus</strong></span> <span class='ocrx_word' id='word_1_94' title='bbox 711 808 752 847; x_wconf 91' lang='lat' dir='ltr'><strong>in</strong></span> <span class='ocrx_word' id='word_1_95' title='bbox 784 807 931 848; x_wconf 88' lang='lat' dir='ltr'><strong>Italiam</strong></span> <span class='ocrx_word' id='word_1_96' title='bbox 957 807 1161 855; x_wconf 79' lang='lat' dir='ltr'><strong>transiret3</strong></span> <span class='ocrx_word' id='word_1_97' title='bbox 1194 807 1288 847; x_wconf 89' lang='lat' dir='ltr'><strong>haec</strong></span> <span class='ocrx_word' id='word_1_98' title='bbox 1325 819 1457 846; x_wconf 90' lang='lat' dir='ltr'><strong>secum</strong></span> 
     </span>
     <span class='ocr_line' id='line_1_13' title="bbox 47 863 1458 917; baseline 0.001 -15"><span class='ocrx_word' id='word_1_99' title='bbox 47 863 282 904; x_wconf 81' lang='lat' dir='ltr'><strong>volutantem</strong></span> <span class='ocrx_word' id='word_1_100' title='bbox 304 864 344 903; x_wconf 91' lang='lat' dir='ltr'><strong>in</strong></span> <span class='ocrx_word' id='word_1_101' title='bbox 365 865 495 904; x_wconf 90' lang='lat' dir='ltr'><strong>animo</strong></span> <span class='ocrx_word' id='word_1_102' title='bbox 522 877 756 917; x_wconf 87' lang='lat' dir='ltr'><strong>oppressum</strong></span> <span class='ocrx_word' id='word_1_103' title='bbox 772 865 852 904; x_wconf 83' lang='lat' dir='ltr'><strong>fato</strong></span> <span class='ocrx_word' id='word_1_104' title='bbox 870 876 1033 916; x_wconf 85' lang='lat' dir='ltr'><strong>regnum</strong></span> <span class='ocrx_word' id='word_1_105' title='bbox 1059 864 1092 903; x_wconf 93' lang='lat' dir='ltr'><strong>ei</strong></span> <span class='ocrx_word' id='word_1_106' title='bbox 1107 863 1321 916; x_wconf 88' lang='lat' dir='ltr'><strong>reliquisse,</strong></span> <span class='ocrx_word' id='word_1_107' title='bbox 1343 876 1458 915; x_wconf 89' lang='lat' dir='ltr'><strong>quem</strong></span> 
     </span>
     <span class='ocr_line' id='line_1_14' title="bbox 47 919 1457 972; baseline 0.001 -13"><span class='ocrx_word' id='word_1_108' title='bbox 47 919 343 961; x_wconf 85' lang='lat' dir='ltr'><strong>infestissimum</strong></span> <span class='ocrx_word' id='word_1_109' title='bbox 373 935 459 961; x_wconf 89' lang='lat' dir='ltr'><strong>esse</strong></span> <span class='ocrx_word' id='word_1_110' title='bbox 488 922 676 962; x_wconf 82' lang='lat' dir='ltr'><strong>sensisset</strong></span> <span class='ocrx_word' id='word_1_111' title='bbox 701 921 904 962; x_wconf 89' lang='lat' dir='ltr'><strong>Romanis.</strong></span> <span class='ocrx_word' id='word_1_112' title='bbox 945 921 1073 972; x_wconf 89' lang='lat' dir='ltr'><strong>itaque</strong></span> <span class='ocrx_word' id='word_1_113' title='bbox 1102 921 1244 961; x_wconf 84' lang='lat' dir='ltr'><strong>Persea</strong></span> <span class='ocrx_word' id='word_1_114' title='bbox 1263 920 1457 960; x_wconf 88' lang='lat' dir='ltr'><strong>heredita-</strong></span> 
     </span>
     <span class='ocr_line' id='line_1_15' title="bbox 47 977 1457 1030; baseline -0.001 -13"><span class='ocrx_word' id='word_1_115' title='bbox 47 978 149 1017; x_wconf 89' lang='lat' dir='ltr'><strong>rium</strong></span> <span class='ocrx_word' id='word_1_116' title='bbox 180 991 203 1017; x_wconf 86' lang='lat' dir='ltr'><strong>a</strong></span> <span class='ocrx_word' id='word_1_117' title='bbox 228 983 337 1030; x_wconf 88' lang='lat' dir='ltr'><strong>patre</strong></span> <span class='ocrx_word' id='word_1_118' title='bbox 364 979 541 1019; x_wconf 81' lang='lat' dir='ltr'><strong>relietum</strong></span> <span class='ocrx_word' id='word_1_119' title='bbox 575 979 715 1019; x_wconf 86' lang='lat' dir='ltr'><strong>bellum</strong></span> <span class='ocrx_word' id='word_1_120' title='bbox 745 983 781 1018; x_wconf 85' lang='lat' dir='ltr'><strong>et</strong></span> <span class='ocrx_word' id='word_1_121' title='bbox 815 978 931 1018; x_wconf 89' lang='lat' dir='ltr'><strong>simul</strong></span> <span class='ocrx_word' id='word_1_122' title='bbox 960 991 1048 1018; x_wconf 89' lang='lat' dir='ltr'><strong>cum</strong></span> <span class='ocrx_word' id='word_1_123' title='bbox 1078 977 1242 1030; x_wconf 89' lang='lat' dir='ltr'><strong>imperio</strong></span> <span class='ocrx_word' id='word_1_124' title='bbox 1272 977 1457 1017; x_wconf 87' lang='lat' dir='ltr'><strong>traditum</strong></span> 
     </span>
     <span class='ocr_line' id='line_1_16' title="bbox 47 1033 1456 1087; baseline 0 -14"><span class='ocrx_word' id='word_1_125' title='bbox 47 1033 200 1074; x_wconf 88' lang='lat' dir='ltr'><strong>iamiam</strong></span> <span class='ocrx_word' id='word_1_126' title='bbox 223 1035 392 1087; x_wconf 85' lang='lat' dir='ltr'><strong>primum</strong></span> <span class='ocrx_word' id='word_1_127' title='bbox 415 1036 513 1075; x_wconf 88' lang='lat' dir='ltr'><strong>alere</strong></span> <span class='ocrx_word' id='word_1_128' title='bbox 535 1048 578 1076; x_wconf 86' lang='lat' dir='ltr'><strong>ac</strong></span> <span class='ocrx_word' id='word_1_129' title='bbox 598 1036 728 1075; x_wconf 86' lang='lat' dir='ltr'><strong>fovere</strong></span> <span class='ocrx_word' id='word_1_130' title='bbox 751 1035 932 1075; x_wconf 88' lang='lat' dir='ltr'><strong>omnibus</strong></span> <span class='ocrx_word' id='word_1_131' title='bbox 961 1035 1143 1075; x_wconf 84' lang='lat' dir='ltr'><strong>consiliis.</strong></span> <span class='ocrx_word' id='word_1_132' title='bbox 1185 1035 1323 1074; x_wconf 80' lang='lat' dir='ltr'><strong>florere</strong></span> <span class='ocrx_word' id='word_1_133' title='bbox 1343 1047 1456 1086; x_wconf 90' lang='lat' dir='ltr'><strong>prae—</strong></span> 
     </span>
     <span class='ocr_line' id='line_1_17' title="bbox 49 1091 1456 1145; baseline -0.001 -14"><span class='ocrx_word' id='word_1_134' title='bbox 49 1098 152 1131; x_wconf 85' lang='lat' dir='ltr'><strong>terea</strong></span> <span class='ocrx_word' id='word_1_135' title='bbox 174 1091 382 1140; x_wconf 84' lang='lat' dir='ltr'><strong>iuventute,</strong></span> <span class='ocrx_word' id='word_1_136' title='bbox 404 1106 520 1144; x_wconf 91' lang='lat' dir='ltr'><strong>quam</strong></span> <span class='ocrx_word' id='word_1_137' title='bbox 542 1093 704 1145; x_wconf 85' lang='lat' dir='ltr'><strong>stirpem</strong></span> <span class='ocrx_word' id='word_1_138' title='bbox 725 1093 839 1144; x_wconf 84' lang='lat' dir='ltr'><strong>longa</strong></span> <span class='ocrx_word' id='word_1_139' title='bbox 861 1105 934 1144; x_wconf 88' lang='lat' dir='ltr'><strong>pax</strong></span> <span class='ocrx_word' id='word_1_140' title='bbox 955 1092 1130 1139; x_wconf 90' lang='lat' dir='ltr'><strong>ediderit,</strong></span> <span class='ocrx_word' id='word_1_141' title='bbox 1152 1091 1293 1131; x_wconf 88' lang='lat' dir='ltr'><strong>florere</strong></span> <span class='ocrx_word' id='word_1_142' title='bbox 1315 1091 1456 1143; x_wconf 87' lang='lat' dir='ltr'><strong>opibus</strong></span> 
     </span>
     <span class='ocr_line' id='line_1_18' title="bbox 48 1147 1456 1201; baseline 0 -14"><span class='ocrx_word' id='word_1_143' title='bbox 48 1148 169 1199; x_wconf 85' lang='lat' dir='ltr'><strong>regni,</strong></span> <span class='ocrx_word' id='word_1_144' title='bbox 192 1149 328 1188; x_wconf 82' lang='lat' dir='ltr'><strong>florere</strong></span> <span class='ocrx_word' id='word_1_145' title='bbox 350 1149 464 1189; x_wconf 86' lang='lat' dir='ltr'><strong>etiam</strong></span> <span class='ocrx_word' id='word_1_146' title='bbox 487 1154 621 1190; x_wconf 84' lang='lat' dir='ltr'><strong>aetate.</strong></span> <span class='ocrx_word' id='word_1_147' title='bbox 664 1162 759 1201; x_wconf 87' lang='lat' dir='ltr'><strong>quae</strong></span> <span class='ocrx_word' id='word_1_148' title='bbox 781 1162 869 1189; x_wconf 84' lang='lat' dir='ltr'><strong>cum</strong></span> <span class='ocrx_word' id='word_1_149' title='bbox 892 1149 1069 1201; x_wconf 88' lang='lat' dir='ltr'><strong>corporis</strong></span> <span class='ocrx_word' id='word_1_150' title='bbox 1091 1147 1234 1188; x_wconf 90' lang='lat' dir='ltr'><strong>robore</strong></span> <span class='ocrx_word' id='word_1_151' title='bbox 1251 1161 1296 1188; x_wconf 87' lang='lat' dir='ltr'><strong>ae</strong></span> <span class='ocrx_word' id='word_1_152' title='bbox 1310 1147 1456 1187; x_wconf 90' lang='lat' dir='ltr'><strong>viribus</strong></span> 
     </span>
     <span class='ocr_line' id='line_1_19' title="bbox 48 1204 1457 1257; baseline 0 -13"><span class='ocrx_word' id='word_1_153' title='bbox 48 1205 188 1257; x_wconf 82' lang='lat' dir='ltr'><strong>vigeat,</strong></span> <span class='ocrx_word' id='word_1_154' title='bbox 218 1206 393 1246; x_wconf 89' lang='lat' dir='ltr'><strong>animum</strong></span> <span class='ocrx_word' id='word_1_155' title='bbox 424 1219 511 1247; x_wconf 88' lang='lat' dir='ltr'><strong>esse</strong></span> <span class='ocrx_word' id='word_1_156' title='bbox 538 1207 793 1247; x_wconf 89' lang='lat' dir='ltr'><strong>inveteratum</strong></span> <span class='ocrx_word' id='word_1_157' title='bbox 824 1206 970 1246; x_wconf 87' lang='lat' dir='ltr'><strong>diutina</strong></span> <span class='ocrx_word' id='word_1_158' title='bbox 998 1210 1078 1246; x_wconf 88' lang='lat' dir='ltr'><strong>arte</strong></span> <span class='ocrx_word' id='word_1_159' title='bbox 1105 1210 1218 1257; x_wconf 85' lang='lat' dir='ltr'><strong>atque</strong></span> <span class='ocrx_word' id='word_1_160' title='bbox 1250 1217 1326 1245; x_wconf 89' lang='lat' dir='ltr'><strong>usu</strong></span> <span class='ocrx_word' id='word_1_161' title='bbox 1354 1204 1457 1245; x_wconf 89' lang='lat' dir='ltr'><strong>belli.</strong></span> 
     </span>
    </p>
   </div>
   <div class='ocr_carea' id='block_1_4' title="bbox 786 1352 1458 1439">
    <p class='ocr_par' dir='ltr' id='par_1_4' title="bbox 786 1352 1458 1439">
     <span class='ocr_line' id='line_1_20' title="bbox 786 1352 1456 1392; baseline -0.001 -7"><span class='ocrx_word' id='word_1_162' title='bbox 786 1364 850 1386; x_wconf 90' lang='lat' dir='ltr'><strong>von</strong></span> <span class='ocrx_word' id='word_1_163' title='bbox 875 1364 951 1385; x_wconf 84' lang='lat' dir='ltr'><strong>eum</strong></span> <span class='ocrx_word' id='word_1_164' title='bbox 979 1352 1046 1384; x_wconf 85' lang='lat' dir='ltr'><strong>und</strong></span> <span class='ocrx_word' id='word_1_165' title='bbox 1068 1354 1100 1384; x_wconf 84' lang='lat' dir='ltr'><strong>ei</strong></span> <span class='ocrx_word' id='word_1_166' title='bbox 1123 1353 1260 1384; x_wconf 82' lang='lat' dir='ltr'><strong>sto’rend</strong></span> <span class='ocrx_word' id='word_1_167' title='bbox 1290 1352 1353 1392; x_wconf 86' lang='lat' dir='ltr'><strong>ist,</strong></span> <span class='ocrx_word' id='word_1_168' title='bbox 1377 1362 1404 1384; x_wconf 92' lang='lat' dir='ltr'><strong>s.</strong></span> <span class='ocrx_word' id='word_1_169' title='bbox 1427 1363 1456 1384; x_wconf 87' lang='lat' dir='ltr'><strong>c.</strong></span> 
     </span>
     <span class='ocr_line' id='line_1_21' title="bbox 788 1397 1458 1439; baseline -0.001 -9"><span class='ocrx_word' id='word_1_170' title='bbox 788 1398 840 1437; x_wconf 87' lang='lat'><strong>17,</strong></span> <span class='ocrx_word' id='word_1_171' title='bbox 860 1399 897 1439; x_wconf 75' lang='lat'><strong>9‚;</strong></span> <span class='ocrx_word' id='word_1_172' title='bbox 916 1398 970 1438; x_wconf 92' lang='lat'><strong>40,</strong></span> <span class='ocrx_word' id='word_1_173' title='bbox 989 1397 1019 1438; x_wconf 89' lang='grc'><strong>8,</strong></span> <span class='ocrx_word' id='word_1_174' title='bbox 1038 1398 1075 1435; x_wconf 82' lang='grc'><strong>5;</strong></span> <span class='ocrx_word' id='word_1_175' title='bbox 1103 1398 1184 1429; x_wconf 82' lang='lat' dir='ltr'><strong>auch</strong></span> <span class='ocrx_word' id='word_1_176' title='bbox 1203 1402 1299 1429; x_wconf 90' lang='lat' dir='ltr'><strong>sonst</strong></span> <span class='ocrx_word' id='word_1_177' title='bbox 1316 1397 1398 1429; x_wconf 84' lang='lat' dir='ltr'><strong>wird</strong></span> <span class='ocrx_word' id='word_1_178' title='bbox 1416 1408 1458 1430; x_wconf 91' lang='lat' dir='ltr'><strong>zu</strong></span> 
     </span>
    </p>
   </div>
   <div class='ocr_carea' id='block_1_5' title="bbox 47 1352 715 1440">
    <p class='ocr_par' dir='ltr' id='par_1_5' title="bbox 47 1352 715 1440">
     <span class='ocr_line' id='line_1_22' title="bbox 47 1352 715 1396; baseline -0.001 -11"><span class='ocrx_word' id='word_1_179' title='bbox 47 1352 114 1386; x_wconf 76' lang='lat' dir='ltr'><strong>did.</strong></span> <span class='ocrx_word' id='word_1_180' title='bbox 131 1353 221 1393; x_wconf 86' lang='lat' dir='ltr'><strong>mal.,</strong></span> <span class='ocrx_word' id='word_1_181' title='bbox 239 1352 339 1393; x_wconf 83' lang='lat' dir='ltr'><strong>s.30‚</strong></span> <span class='ocrx_word' id='word_1_182' title='bbox 360 1353 411 1396; x_wconf 89' lang='lat'><strong>14,</strong></span> <span class='ocrx_word' id='word_1_183' title='bbox 436 1353 473 1393; x_wconf 71' lang='lat'><strong>6,</strong></span> <span class='ocrx_word' id='word_1_184' title='bbox 498 1354 551 1396; x_wconf 90' lang='lat'><strong>24,</strong></span> <span class='ocrx_word' id='word_1_185' title='bbox 579 1352 629 1395; x_wconf 89' lang='grc'><strong>16,</strong></span> <span class='ocrx_word' id='word_1_186' title='bbox 656 1353 715 1391; x_wconf 84' lang='grc'><strong>11;</strong></span> 
     </span>
     <span class='ocr_line' id='line_1_23' title="bbox 47 1398 713 1440; baseline 0 -10"><span class='ocrx_word' id='word_1_187' title='bbox 47 1398 107 1439; x_wconf 88' lang='grc'><strong>21,</strong></span> <span class='ocrx_word' id='word_1_188' title='bbox 131 1398 189 1440; x_wconf 90' lang='grc'><strong>46,</strong></span> <span class='ocrx_word' id='word_1_189' title='bbox 213 1399 269 1430; x_wconf 83' lang='grc' dir='ltr'><strong>1οε</strong></span> <span class='ocrx_word' id='word_1_190' title='bbox 298 1399 415 1431; x_wconf 71' lang='lat' dir='ltr'><strong>malim</strong></span> <span class='ocrx_word' id='word_1_191' title='bbox 437 1418 459 1422; x_wconf 87' lang='lat'><strong>-—</strong></span> <span class='ocrx_word' id='word_1_192' title='bbox 481 1410 600 1432; x_wconf 75' lang='lat' dir='ltr'><strong>verum</strong></span> <span class='ocrx_word' id='word_1_193' title='bbox 623 1410 713 1438; x_wconf 71' lang='lat' dir='ltr'><strong>esse,</strong></span> 
     </span>
    </p>
   </div>
   <div class='ocr_carea' id='block_1_6' title="bbox 43 1443 717 2663">
    <p class='ocr_par' dir='ltr' id='par_1_6' title="bbox 43 1443 717 2256">
     <span class='ocr_line' id='line_1_24' title="bbox 48 1443 714 1487; baseline 0.002 -12"><span class='ocrx_word' id='word_1_194' title='bbox 48 1443 102 1485; x_wconf 88' lang='lat'><strong>38,</strong></span> <span class='ocrx_word' id='word_1_195' title='bbox 121 1444 174 1483; x_wconf 91' lang='lat'><strong>55,</strong></span> <span class='ocrx_word' id='word_1_196' title='bbox 193 1443 222 1486; x_wconf 88' lang='lat'><strong>8,</strong></span> <span class='ocrx_word' id='word_1_197' title='bbox 237 1444 306 1485; x_wconf 85' lang='lat' dir='ltr'><strong>vgl.</strong></span> <span class='ocrx_word' id='word_1_198' title='bbox 326 1445 357 1485; x_wconf 89' lang='lat'><strong>5,</strong></span> <span class='ocrx_word' id='word_1_199' title='bbox 375 1445 429 1485; x_wconf 88' lang='lat'><strong>46,</strong></span> <span class='ocrx_word' id='word_1_200' title='bbox 455 1445 489 1476; x_wconf 91' lang='lat'><strong>11</strong></span> <span class='ocrx_word' id='word_1_201' title='bbox 506 1457 513 1476; x_wconf 79' lang='lat' dir='ltr'><em>z</em></span> <span class='ocrx_word' id='word_1_202' title='bbox 537 1444 626 1487; x_wconf 85' lang='lat' dir='ltr'><strong>quod</strong></span> <span class='ocrx_word' id='word_1_203' title='bbox 641 1455 714 1476; x_wconf 84' lang='lat' dir='ltr'><strong>ma-</strong></span> 
     </span>
     <span class='ocr_line' id='line_1_25' title="bbox 43 1489 716 1534; baseline 0 -12"><span class='ocrx_word' id='word_1_204' title='bbox 43 1491 104 1532; x_wconf 76' lang='lat' dir='ltr'><strong>gis</strong></span> <span class='ocrx_word' id='word_1_205' title='bbox 127 1489 264 1522; x_wconf 81' lang='lat' dir='ltr'><strong>credere</strong></span> <span class='ocrx_word' id='word_1_206' title='bbox 285 1489 380 1529; x_wconf 68' lang='lat' dir='ltr'><strong>libet3</strong></span> <span class='ocrx_word' id='word_1_207' title='bbox 406 1489 436 1531; x_wconf 88' lang='grc'><strong>8,</strong></span> <span class='ocrx_word' id='word_1_208' title='bbox 467 1489 517 1532; x_wconf 90' lang='grc'><strong>18,</strong></span> <span class='ocrx_word' id='word_1_209' title='bbox 544 1490 580 1522; x_wconf 84' lang='grc'><strong>2;</strong></span> <span class='ocrx_word' id='word_1_210' title='bbox 597 1500 716 1534; x_wconf 72' lang='lat' dir='ltr'><strong>perve-</strong></span> 
     </span>
     <span class='ocr_line' id='line_1_26' title="bbox 47 1535 716 1578; baseline -0.001 -11"><span class='ocrx_word' id='word_1_211' title='bbox 47 1535 118 1567; x_wconf 76' lang='lat' dir='ltr'><strong>lim.</strong></span> <span class='ocrx_word' id='word_1_212' title='bbox 136 1553 158 1558; x_wconf 92' lang='lat'>-</span> <span class='ocrx_word' id='word_1_213' title='bbox 174 1535 312 1576; x_wconf 78' lang='lat' dir='ltr'><strong>honore,</strong></span> <span class='ocrx_word' id='word_1_214' title='bbox 330 1546 357 1567; x_wconf 89' lang='lat' dir='ltr'><strong>c.</strong></span> <span class='ocrx_word' id='word_1_215' title='bbox 379 1535 431 1578; x_wconf 77' lang='lat'><strong>14,</strong></span> <span class='ocrx_word' id='word_1_216' title='bbox 453 1535 503 1567; x_wconf 92' lang='lat'><strong>10.</strong></span> <span class='ocrx_word' id='word_1_217' title='bbox 522 1554 564 1558; x_wconf 91' lang='lat'><strong>—-</strong></span> <span class='ocrx_word' id='word_1_218' title='bbox 583 1537 655 1567; x_wconf 74' lang='lat' dir='ltr'><strong>eius</strong></span> <span class='ocrx_word' id='word_1_219' title='bbox 671 1553 716 1559; x_wconf 76' lang='lat'><strong>——</strong></span> 
     </span>
     <span class='ocr_line' id='line_1_27' title="bbox 48 1579 714 1622; baseline 0 -10"><span class='ocrx_word' id='word_1_220' title='bbox 48 1582 121 1613; x_wconf 79' lang='lat' dir='ltr'><strong>suis</strong></span> <span class='ocrx_word' id='word_1_221' title='bbox 145 1581 262 1612; x_wconf 84' lang='lat' dir='ltr'><strong>stehen</strong></span> <span class='ocrx_word' id='word_1_222' title='bbox 286 1581 354 1613; x_wconf 85' lang='lat' dir='ltr'><strong>sich</strong></span> <span class='ocrx_word' id='word_1_223' title='bbox 379 1579 493 1612; x_wconf 80' lang='lat' dir='ltr'><strong>seharf</strong></span> <span class='ocrx_word' id='word_1_224' title='bbox 513 1580 714 1622; x_wconf 84' lang='lat' dir='ltr'><strong>gegeniiber.</strong></span> 
     </span>
     <span class='ocr_line' id='line_1_28' title="bbox 47 1625 714 1668; baseline -0.001 -11"><span class='ocrx_word' id='word_1_225' title='bbox 47 1644 91 1649; x_wconf 89' lang='grc'><strong>--</strong></span> <span class='ocrx_word' id='word_1_226' title='bbox 115 1627 185 1667; x_wconf 72' lang='lat' dir='ltr'><strong>ing.</strong></span> <span class='ocrx_word' id='word_1_227' title='bbox 210 1637 312 1668; x_wconf 78' lang='lat' dir='ltr'><strong>quae,</strong></span> <span class='ocrx_word' id='word_1_228' title='bbox 336 1636 362 1658; x_wconf 91' lang='lat' dir='ltr'><strong>s.</strong></span> <span class='ocrx_word' id='word_1_229' title='bbox 389 1637 417 1657; x_wconf 89' lang='lat' dir='ltr'><strong>c.</strong></span> <span class='ocrx_word' id='word_1_230' title='bbox 447 1626 474 1665; x_wconf 95' lang='lat'><strong>1,</strong></span> <span class='ocrx_word' id='word_1_231' title='bbox 502 1626 559 1662; x_wconf 83' lang='grc'><strong>11;</strong></span> <span class='ocrx_word' id='word_1_232' title='bbox 584 1626 638 1665; x_wconf 90' lang='grc'><strong>41,</strong></span> <span class='ocrx_word' id='word_1_233' title='bbox 663 1625 714 1667; x_wconf 88' lang='grc'><strong>20,</strong></span> 
     </span>
     <span class='ocr_line' id='line_1_29' title="bbox 51 1669 717 1711; baseline 0 -9"><span class='ocrx_word' id='word_1_234' title='bbox 51 1670 107 1710; x_wconf 82' lang='grc'><strong>13;</strong></span> <span class='ocrx_word' id='word_1_235' title='bbox 128 1669 182 1710; x_wconf 87' lang='lat'><strong>35,</strong></span> <span class='ocrx_word' id='word_1_236' title='bbox 200 1670 254 1710; x_wconf 87' lang='lat'><strong>43,</strong></span> <span class='ocrx_word' id='word_1_237' title='bbox 272 1672 309 1709; x_wconf 81' lang='lat'><strong>43</strong></span> <span class='ocrx_word' id='word_1_238' title='bbox 329 1682 389 1702; x_wconf 86' lang='lat' dir='ltr'><strong>zur</strong></span> <span class='ocrx_word' id='word_1_239' title='bbox 406 1670 510 1702; x_wconf 89' lang='lat' dir='ltr'><strong>Sache</strong></span> <span class='ocrx_word' id='word_1_240' title='bbox 529 1670 584 1711; x_wconf 86' lang='lat'><strong>38,</strong></span> <span class='ocrx_word' id='word_1_241' title='bbox 605 1670 657 1702; x_wconf 88' lang='lat'><strong>38.</strong></span> <span class='ocrx_word' id='word_1_242' title='bbox 673 1688 717 1693; x_wconf 83' lang='lat'>—</span> 
     </span>
     <span class='ocr_line' id='line_1_30' title="bbox 47 1715 716 1758; baseline 0.001 -11"><span class='ocrx_word' id='word_1_243' title='bbox 47 1715 140 1755; x_wconf 84' lang='lat' dir='ltr'><strong>deos,</strong></span> <span class='ocrx_word' id='word_1_244' title='bbox 161 1716 270 1747; x_wconf 89' lang='lat' dir='ltr'><strong>Bilder</strong></span> <span class='ocrx_word' id='word_1_245' title='bbox 287 1717 350 1747; x_wconf 91' lang='lat' dir='ltr'><strong>und</strong></span> <span class='ocrx_word' id='word_1_246' title='bbox 369 1715 515 1758; x_wconf 74' lang='lat' dir='ltr'><strong>Tennpel,</strong></span> <span class='ocrx_word' id='word_1_247' title='bbox 534 1716 587 1755; x_wconf 87' lang='lat'><strong>45,</strong></span> <span class='ocrx_word' id='word_1_248' title='bbox 606 1716 659 1757; x_wconf 82' lang='lat'><strong>44,</strong></span> <span class='ocrx_word' id='word_1_249' title='bbox 678 1715 716 1748; x_wconf 79' lang='lat'><strong>6:</strong></span> 
     </span>
     <span class='ocr_line' id='line_1_31' title="bbox 49 1761 716 1801; baseline -0.001 -9"><span class='ocrx_word' id='word_1_250' title='bbox 49 1761 85 1792; x_wconf 88' lang='lat' dir='ltr'><strong>L.</strong></span> <span class='ocrx_word' id='word_1_251' title='bbox 101 1761 230 1793; x_wconf 88' lang='lat' dir='ltr'><strong>scheint</strong></span> <span class='ocrx_word' id='word_1_252' title='bbox 247 1771 428 1801; x_wconf 80' lang='lat' dir='ltr'><strong>vergessen</strong></span> <span class='ocrx_word' id='word_1_253' title='bbox 448 1772 488 1792; x_wconf 90' lang='lat' dir='ltr'><strong>zu</strong></span> <span class='ocrx_word' id='word_1_254' title='bbox 507 1761 622 1801; x_wconf 88' lang='lat' dir='ltr'><strong>haben,</strong></span> <span class='ocrx_word' id='word_1_255' title='bbox 640 1762 716 1792; x_wconf 86' lang='lat' dir='ltr'><strong>dass</strong></span> 
     </span>
     <span class='ocr_line' id='line_1_32' title="bbox 49 1805 715 1847; baseline -0.002 -9"><span class='ocrx_word' id='word_1_256' title='bbox 49 1806 141 1838; x_wconf 75' lang='lat' dir='ltr'><strong>Eum.</strong></span> <span class='ocrx_word' id='word_1_257' title='bbox 165 1807 266 1838; x_wconf 83' lang='lat' dir='ltr'><strong>sehon</strong></span> <span class='ocrx_word' id='word_1_258' title='bbox 291 1805 406 1838; x_wconf 82' lang='lat' dir='ltr'><strong>friiher</strong></span> <span class='ocrx_word' id='word_1_259' title='bbox 429 1807 458 1837; x_wconf 88' lang='lat' dir='ltr'><strong>in</strong></span> <span class='ocrx_word' id='word_1_260' title='bbox 480 1805 558 1838; x_wconf 83' lang='lat' dir='ltr'><strong>Rom</strong></span> <span class='ocrx_word' id='word_1_261' title='bbox 585 1816 662 1847; x_wconf 81' lang='lat' dir='ltr'><strong>war,</strong></span> <span class='ocrx_word' id='word_1_262' title='bbox 689 1815 715 1837; x_wconf 90' lang='lat' dir='ltr'><strong>s.</strong></span> 
     </span>
     <span class='ocr_line' id='line_1_33' title="bbox 50 1851 715 1895; baseline 0 -13"><span class='ocrx_word' id='word_1_263' title='bbox 50 1852 109 1892; x_wconf 81' lang='lat'><strong>37,</strong></span> <span class='ocrx_word' id='word_1_264' title='bbox 134 1851 187 1883; x_wconf 86' lang='lat'><strong>52.</strong></span> <span class='ocrx_word' id='word_1_265' title='bbox 218 1870 260 1874; x_wconf 93' lang='lat'>—</span> <span class='ocrx_word' id='word_1_266' title='bbox 290 1863 398 1895; x_wconf 74' lang='lat' dir='ltr'><strong>supra</strong></span> <span class='ocrx_word' id='word_1_267' title='bbox 427 1863 525 1894; x_wconf 80' lang='lat' dir='ltr'><strong>quam</strong></span> <span class='ocrx_word' id='word_1_268' title='bbox 551 1851 635 1883; x_wconf 83' lang='lat' dir='ltr'><strong>kann</strong></span> <span class='ocrx_word' id='word_1_269' title='bbox 665 1851 715 1882; x_wconf 85' lang='lat' dir='ltr'><strong>als</strong></span> 
     </span>
     <span class='ocr_line' id='line_1_34' title="bbox 46 1896 716 1940; baseline 0 -12"><span class='ocrx_word' id='word_1_270' title='bbox 46 1896 248 1938; x_wconf 78' lang='lat' dir='ltr'><strong>Andeutung</strong></span> <span class='ocrx_word' id='word_1_271' title='bbox 273 1898 330 1929; x_wconf 88' lang='lat' dir='ltr'><strong>des</strong></span> <span class='ocrx_word' id='word_1_272' title='bbox 349 1897 507 1937; x_wconf 78' lang='lat' dir='ltr'><strong>objectes</strong></span> <span class='ocrx_word' id='word_1_273' title='bbox 533 1908 573 1928; x_wconf 92' lang='lat' dir='ltr'><strong>zu</strong></span> <span class='ocrx_word' id='word_1_274' title='bbox 599 1899 716 1940; x_wconf 77' lang='lat' dir='ltr'><strong>optare</strong></span> 
     </span>
     <span class='ocr_line' id='line_1_35' title="bbox 46 1943 716 1985; baseline -0.001 -11"><span class='ocrx_word' id='word_1_275' title='bbox 46 1952 256 1984; x_wconf 78' lang='lat' dir='ltr'><strong>genommen,</strong></span> <span class='ocrx_word' id='word_1_276' title='bbox 286 1943 366 1974; x_wconf 90' lang='lat' dir='ltr'><strong>oder</strong></span> <span class='ocrx_word' id='word_1_277' title='bbox 379 1944 570 1985; x_wconf 77' lang='lat' dir='ltr'><strong>fortunam</strong></span> <span class='ocrx_word' id='word_1_278' title='bbox 595 1943 716 1973; x_wconf 87' lang='lat' dir='ltr'><strong>wieder</strong></span> 
     </span>
     <span class='ocr_line' id='line_1_36' title="bbox 46 1987 714 2030; baseline -0.001 -11"><span class='ocrx_word' id='word_1_279' title='bbox 46 1988 186 2028; x_wconf 79' lang='lat' dir='ltr'><strong>gedacht</strong></span> <span class='ocrx_word' id='word_1_280' title='bbox 204 1989 348 2030; x_wconf 82' lang='lat' dir='ltr'><strong>werden,</strong></span> <span class='ocrx_word' id='word_1_281' title='bbox 366 1988 433 2029; x_wconf 81' lang='lat' dir='ltr'><strong>vgl.</strong></span> <span class='ocrx_word' id='word_1_282' title='bbox 456 1988 480 2030; x_wconf 88' lang='lat'><strong>1,</strong></span> <span class='ocrx_word' id='word_1_283' title='bbox 498 1988 552 2028; x_wconf 87' lang='lat'><strong>58,</strong></span> <span class='ocrx_word' id='word_1_284' title='bbox 571 1987 608 2021; x_wconf 80' lang='lat'><strong>2:</strong></span> <span class='ocrx_word' id='word_1_285' title='bbox 633 1987 714 2019; x_wconf 81' lang='lat' dir='ltr'><strong>San.</strong></span> 
     </span>
     <span class='ocr_line' id='line_1_37' title="bbox 47 2032 714 2077; baseline -0.001 -12"><span class='ocrx_word' id='word_1_286' title='bbox 47 2033 82 2065; x_wconf 90' lang='lat' dir='ltr'><strong>C.</strong></span> <span class='ocrx_word' id='word_1_287' title='bbox 101 2033 131 2073; x_wconf 89' lang='grc'><strong>3,</strong></span> <span class='ocrx_word' id='word_1_288' title='bbox 149 2033 186 2064; x_wconf 82' lang='lat'><strong>2:</strong></span> <span class='ocrx_word' id='word_1_289' title='bbox 205 2044 312 2077; x_wconf 75' lang='lat' dir='ltr'><strong>supra</strong></span> <span class='ocrx_word' id='word_1_290' title='bbox 329 2044 368 2065; x_wconf 79' lang='lat' dir='ltr'><strong>ea</strong></span> <span class='ocrx_word' id='word_1_291' title='bbox 380 2053 400 2055; x_wconf 98' lang='lat'><strong>—</strong></span> <span class='ocrx_word' id='word_1_292' title='bbox 412 2033 594 2077; x_wconf 71' lang='lat' dir='ltr'><strong>profulsis</strong></span> <span class='ocrx_word' id='word_1_293' title='bbox 611 2032 714 2073; x_wconf 80' lang='lat' dir='ltr'><strong>ducit,</strong></span> 
     </span>
     <span class='ocr_line' id='line_1_38' title="bbox 45 2078 715 2122; baseline 0 -12"><span class='ocrx_word' id='word_1_294' title='bbox 45 2078 166 2110; x_wconf 80' lang='lat' dir='ltr'><strong>anders</strong></span> <span class='ocrx_word' id='word_1_295' title='bbox 196 2079 239 2110; x_wconf 91' lang='lat' dir='ltr'><strong>ib.</strong></span> <span class='ocrx_word' id='word_1_296' title='bbox 264 2080 304 2118; x_wconf 93' lang='lat'><strong>5,</strong></span> <span class='ocrx_word' id='word_1_297' title='bbox 329 2078 362 2110; x_wconf 90' lang='lat'><strong>3:</strong></span> <span class='ocrx_word' id='word_1_298' title='bbox 393 2089 499 2122; x_wconf 75' lang='lat' dir='ltr'><strong>supra</strong></span> <span class='ocrx_word' id='word_1_299' title='bbox 521 2089 621 2120; x_wconf 82' lang='lat' dir='ltr'><strong>quam</strong></span> <span class='ocrx_word' id='word_1_300' title='bbox 645 2080 715 2111; x_wconf 70' lang='grc' dir='ltr'><em>σαῖ-</em></span> 
     </span>
     <span class='ocr_line' id='line_1_39' title="bbox 48 2124 712 2166; baseline -0.002 -10"><span class='ocrx_word' id='word_1_301' title='bbox 48 2135 148 2166; x_wconf 80' lang='lat' dir='ltr'><strong>quam</strong></span> <span class='ocrx_word' id='word_1_302' title='bbox 177 2124 330 2157; x_wconf 74' lang='lat' dir='ltr'><strong>credibile</strong></span> <span class='ocrx_word' id='word_1_303' title='bbox 355 2127 417 2155; x_wconf 76' lang='lat' dir='ltr'><strong>est.</strong></span> <span class='ocrx_word' id='word_1_304' title='bbox 441 2143 482 2147; x_wconf 71' lang='lat'><strong>——</strong></span> <span class='ocrx_word' id='word_1_305' title='bbox 509 2126 609 2156; x_wconf 80' lang='lat' dir='ltr'><strong>etiam</strong></span> <span class='ocrx_word' id='word_1_306' title='bbox 632 2124 712 2155; x_wconf 88' lang='lat' dir='ltr'><strong>nach</strong></span> 
     </span>
     <span class='ocr_line' id='line_1_40' title="bbox 44 2169 714 2212; baseline 0 -11"><span class='ocrx_word' id='word_1_307' title='bbox 44 2172 193 2212; x_wconf 80' lang='lat' dir='ltr'><strong>praeter,</strong></span> <span class='ocrx_word' id='word_1_308' title='bbox 214 2170 241 2211; x_wconf 93' lang='lat'><strong>1,</strong></span> <span class='ocrx_word' id='word_1_309' title='bbox 260 2170 310 2210; x_wconf 90' lang='lat'><strong>57,</strong></span> <span class='ocrx_word' id='word_1_310' title='bbox 330 2169 367 2208; x_wconf 85' lang='lat'><strong>23</strong></span> <span class='ocrx_word' id='word_1_311' title='bbox 393 2169 421 2211; x_wconf 88' lang='grc'><strong>3,</strong></span> <span class='ocrx_word' id='word_1_312' title='bbox 441 2169 494 2211; x_wconf 87' lang='grc'><strong>70,</strong></span> <span class='ocrx_word' id='word_1_313' title='bbox 516 2170 554 2201; x_wconf 87' lang='lat'><strong>15</strong></span> <span class='ocrx_word' id='word_1_314' title='bbox 572 2180 602 2201; x_wconf 92' lang='lat' dir='ltr'><strong>u.</strong></span> <span class='ocrx_word' id='word_1_315' title='bbox 621 2180 650 2201; x_wconf 89' lang='lat' dir='ltr'><strong>a.</strong></span> <span class='ocrx_word' id='word_1_316' title='bbox 669 2186 714 2192; x_wconf 82' lang='lat'><strong>-——</strong></span> 
     </span>
     <span class='ocr_line' id='line_1_41' title="bbox 46 2215 378 2256; baseline -0.003 -10"><span class='ocrx_word' id='word_1_317' title='bbox 46 2217 186 2255; x_wconf 69' lang='lat' dir='ltr'><strong>conatis,</strong></span> <span class='ocrx_word' id='word_1_318' title='bbox 205 2215 257 2256; x_wconf 87' lang='grc'><strong>21,</strong></span> <span class='ocrx_word' id='word_1_319' title='bbox 276 2215 329 2255; x_wconf 83' lang='lat'><strong>50,</strong></span> <span class='ocrx_word' id='word_1_320' title='bbox 348 2216 378 2245; x_wconf 73' lang='lat' dir='ltr'><strong>U.</strong></span> 
     </span>
    </p>

    <p class='ocr_par' dir='ltr' id='par_1_7' title="bbox 46 2260 716 2663">
     <span class='ocr_line' id='line_1_42' title="bbox 90 2260 713 2302; baseline -0.002 -10"><span class='ocrx_word' id='word_1_321' title='bbox 90 2260 178 2292; x_wconf 84' lang='lat'><strong>4—5.</strong></span> <span class='ocrx_word' id='word_1_322' title='bbox 200 2271 221 2292; x_wconf 86' lang='grc' dir='ltr'><em>α</em></span> <span class='ocrx_word' id='word_1_323' title='bbox 235 2260 320 2291; x_wconf 70' lang='lat' dir='ltr'><strong>Phil.</strong></span> <span class='ocrx_word' id='word_1_324' title='bbox 334 2264 407 2301; x_wconf 58' lang='lat' dir='ltr'><strong>etc„</strong></span> <span class='ocrx_word' id='word_1_325' title='bbox 422 2260 543 2291; x_wconf 82' lang='lat' dir='ltr'><strong>ebcnso</strong></span> <span class='ocrx_word' id='word_1_326' title='bbox 561 2261 641 2302; x_wconf 81' lang='lat' dir='ltr'><strong>App.</strong></span> <span class='ocrx_word' id='word_1_327' title='bbox 657 2260 713 2292; x_wconf 89' lang='lat'><strong>1.1.</strong></span> 
     </span>
     <span class='ocr_line' id='line_1_43' title="bbox 46 2302 714 2348; baseline 0 -11"><span class='ocrx_word' id='word_1_328' title='bbox 46 2305 105 2337; x_wconf 79' lang='grc' dir='ltr'><strong>καὶ</strong></span> <span class='ocrx_word' id='word_1_329' title='bbox 127 2306 310 2347; x_wconf 77' lang='grc' dir='ltr'><em>Φιλίππῳ</em></span> <span class='ocrx_word' id='word_1_330' title='bbox 331 2302 568 2348; x_wconf 73' lang='grc' dir='ltr'><em>παρασκευὴν</em></span> <span class='ocrx_word' id='word_1_331' title='bbox 586 2302 714 2346; x_wconf 79' lang='grc' dir='ltr'><em>τοσήν-</em></span> 
     </span>
     <span class='ocr_line' id='line_1_44' title="bbox 47 2347 714 2394; baseline -0.001 -12"><span class='ocrx_word' id='word_1_332' title='bbox 47 2349 116 2383; x_wconf 76' lang='lat' dir='ltr'><strong>de—</strong></span> <span class='ocrx_word' id='word_1_333' title='bbox 125 2347 370 2394; x_wconf 59' lang='grc' dir='ltr'><em>συναγαγόντι</em></span> <span class='ocrx_word' id='word_1_334' title='bbox 382 2347 631 2394; x_wconf 72' lang='grc' dir='ltr'><strong>συμπράξειεν</strong></span> <span class='ocrx_word' id='word_1_335' title='bbox 640 2355 714 2392; x_wconf 84' lang='lat' dir='ltr'><strong>etc.,</strong></span> 
     </span>
     <span class='ocr_line' id='line_1_45' title="bbox 47 2395 714 2438; baseline -0.001 -10"><span class='ocrx_word' id='word_1_336' title='bbox 47 2397 317 2428; x_wconf 82' lang='lat' dir='ltr'><strong>wahrscheinlich</strong></span> <span class='ocrx_word' id='word_1_337' title='bbox 343 2396 422 2427; x_wconf 84' lang='lat' dir='ltr'><strong>nach</strong></span> <span class='ocrx_word' id='word_1_338' title='bbox 444 2395 570 2438; x_wconf 58' lang='lat' dir='ltr'><strong>Polyb„</strong></span> <span class='ocrx_word' id='word_1_339' title='bbox 595 2397 714 2427; x_wconf 81' lang='lat' dir='ltr'><strong>dessen</strong></span> 
     </span>
     <span class='ocr_line' id='line_1_46' title="bbox 48 2440 712 2483; baseline 0 -11"><span class='ocrx_word' id='word_1_340' title='bbox 48 2440 178 2474; x_wconf 84' lang='lat' dir='ltr'><strong>Bericht</strong></span> <span class='ocrx_word' id='word_1_341' title='bbox 200 2442 353 2474; x_wconf 72' lang='lat' dir='ltr'><strong>verior-en</strong></span> <span class='ocrx_word' id='word_1_342' title='bbox 380 2442 433 2473; x_wconf 86' lang='lat' dir='ltr'><strong>ist.</strong></span> <span class='ocrx_word' id='word_1_343' title='bbox 451 2459 494 2463; x_wconf 85' lang='lat'>—</span> <span class='ocrx_word' id='word_1_344' title='bbox 517 2451 612 2483; x_wconf 78' lang='lat' dir='ltr'><strong>quor.</strong></span> <span class='ocrx_word' id='word_1_345' title='bbox 630 2452 712 2473; x_wconf 64' lang='lat' dir='ltr'><strong>aaa:</strong></span> 
     </span>
     <span class='ocr_line' id='line_1_47' title="bbox 48 2486 715 2529; baseline -0.001 -11"><span class='ocrx_word' id='word_1_346' title='bbox 48 2490 122 2528; x_wconf 66' lang='lat' dir='ltr'><strong>etc„</strong></span> <span class='ocrx_word' id='word_1_347' title='bbox 146 2487 197 2528; x_wconf 87' lang='lat'><strong>40,</strong></span> <span class='ocrx_word' id='word_1_348' title='bbox 224 2487 253 2529; x_wconf 88' lang='lat'><strong>5,</strong></span> <span class='ocrx_word' id='word_1_349' title='bbox 281 2487 339 2518; x_wconf 78' lang='grc' dir='ltr'><strong>1ος</strong></span> <span class='ocrx_word' id='word_1_350' title='bbox 364 2487 416 2528; x_wconf 88' lang='grc'><strong>41,</strong></span> <span class='ocrx_word' id='word_1_351' title='bbox 441 2486 472 2524; x_wconf 82' lang='lat'><strong>6,</strong></span> <span class='ocrx_word' id='word_1_352' title='bbox 498 2487 529 2519; x_wconf 68' lang='grc' dir='ltr'><strong>(ὃ.</strong></span> <span class='ocrx_word' id='word_1_353' title='bbox 547 2504 590 2509; x_wconf 85' lang='lat'>-</span> <span class='ocrx_word' id='word_1_354' title='bbox 607 2489 639 2518; x_wconf 80' lang='lat' dir='ltr'><strong>in</strong></span> <span class='ocrx_word' id='word_1_355' title='bbox 663 2489 715 2527; x_wconf 58' lang='lat' dir='ltr'><strong>lt„</strong></span> 
     </span>
     <span class='ocr_line' id='line_1_48' title="bbox 47 2530 712 2572; baseline 0.002 -10"><span class='ocrx_word' id='word_1_356' title='bbox 47 2530 106 2571; x_wconf 80' lang='lat'><strong>40,</strong></span> <span class='ocrx_word' id='word_1_357' title='bbox 131 2532 189 2572; x_wconf 87' lang='lat'><strong>57,</strong></span> <span class='ocrx_word' id='word_1_358' title='bbox 214 2533 243 2564; x_wconf 94' lang='lat'><strong>7.</strong></span> <span class='ocrx_word' id='word_1_359' title='bbox 274 2550 314 2555; x_wconf 84' lang='lat'><strong>—</strong></span> <span class='ocrx_word' id='word_1_360' title='bbox 346 2533 426 2563; x_wconf 75' lang='lat' dir='ltr'><strong>haec</strong></span> <span class='ocrx_word' id='word_1_361' title='bbox 449 2542 562 2563; x_wconf 79' lang='lat' dir='ltr'><strong>secum</strong></span> <span class='ocrx_word' id='word_1_362' title='bbox 583 2532 631 2571; x_wconf 87' lang='lat' dir='ltr'><strong>(d.</strong></span> <span class='ocrx_word' id='word_1_363' title='bbox 658 2531 712 2563; x_wconf 79' lang='lat' dir='ltr'><strong>Hs.</strong></span> 
     </span>
     <span class='ocr_line' id='line_1_49' title="bbox 47 2576 715 2618; baseline 0.003 -11"><span class='ocrx_word' id='word_1_364' title='bbox 47 2576 198 2618; x_wconf 83' lang='lat' dir='ltr'><strong>haecum)</strong></span> <span class='ocrx_word' id='word_1_365' title='bbox 217 2582 258 2609; x_wconf 90' lang='lat' dir='ltr'><strong>st.</strong></span> <span class='ocrx_word' id='word_1_366' title='bbox 284 2578 342 2609; x_wconf 83' lang='lat' dir='ltr'><strong>des</strong></span> <span class='ocrx_word' id='word_1_367' title='bbox 365 2577 611 2617; x_wconf 75' lang='lat' dir='ltr'><strong>gewiihnliehen</strong></span> <span class='ocrx_word' id='word_1_368' title='bbox 636 2578 715 2609; x_wconf 77' lang='lat' dir='ltr'><strong>haec</strong></span> 
     </span>
     <span class='ocr_line' id='line_1_50' title="bbox 48 2622 716 2663; baseline -0.001 -9"><span class='ocrx_word' id='word_1_369' title='bbox 48 2632 134 2663; x_wconf 75' lang='lat' dir='ltr'><strong>eum,</strong></span> <span class='ocrx_word' id='word_1_370' title='bbox 149 2632 199 2654; x_wconf 86' lang='lat' dir='ltr'><strong>wo</strong></span> <span class='ocrx_word' id='word_1_371' title='bbox 214 2623 266 2654; x_wconf 85' lang='lat' dir='ltr'><strong>die</strong></span> <span class='ocrx_word' id='word_1_372' title='bbox 281 2623 518 2655; x_wconf 80' lang='lat' dir='ltr'><strong>verschiedene</strong></span> <span class='ocrx_word' id='word_1_373' title='bbox 529 2622 716 2663; x_wconf 80' lang='lat' dir='ltr'><strong>Beziehung</strong></span> 
     </span>
    </p>
   </div>
   <div class='ocr_carea' id='block_1_7' title="bbox 127 2676 334 2706">
    <p class='ocr_par' dir='ltr' id='par_1_8' title="bbox 127 2676 334 2706">
     <span class='ocr_line' id='line_1_51' title="bbox 127 2676 334 2706; baseline 0 -3"><span class='ocrx_word' id='word_1_374' title='bbox 127 2676 184 2703; x_wconf 70' lang='lat' dir='ltr'><strong>Tit.</strong></span> <span class='ocrx_word' id='word_1_375' title='bbox 206 2676 265 2706; x_wconf 88' lang='lat' dir='ltr'><strong>Liv.</strong></span> <span class='ocrx_word' id='word_1_376' title='bbox 288 2677 334 2704; x_wconf 80' lang='lat' dir='ltr'><strong>[X.</strong></span> 
     </span>
    </p>
   </div>
   <div class='ocr_carea' id='block_1_8' title="bbox 785 1442 1460 2303">
    <p class='ocr_par' dir='ltr' id='par_1_9' title="bbox 785 1442 1460 2254">
     <span class='ocr_line' id='line_1_52' title="bbox 785 1442 1458 1476; baseline -0.001 0"><span class='ocrx_word' id='word_1_377' title='bbox 785 1444 858 1476; x_wconf 89' lang='lat' dir='ltr'><strong>dem</strong></span> <span class='ocrx_word' id='word_1_378' title='bbox 872 1444 994 1476; x_wconf 85' lang='lat' dir='ltr'><strong>Partie.</strong></span> <span class='ocrx_word' id='word_1_379' title='bbox 1013 1443 1046 1474; x_wconf 91' lang='lat' dir='ltr'><strong>in</strong></span> <span class='ocrx_word' id='word_1_380' title='bbox 1061 1442 1234 1474; x_wconf 65' lang='lat' dir='ltr'><strong>{ihnlichen</strong></span> <span class='ocrx_word' id='word_1_381' title='bbox 1249 1443 1367 1476; x_wconf 63' lang='lat' dir='ltr'><strong>Fallen</strong></span> <span class='ocrx_word' id='word_1_382' title='bbox 1381 1454 1458 1475; x_wconf 85' lang='lat' dir='ltr'><strong>eum</strong></span> 
     </span>
     <span class='ocr_line' id='line_1_53' title="bbox 786 1486 1458 1531; baseline -0.001 -10"><span class='ocrx_word' id='word_1_383' title='bbox 786 1490 875 1521; x_wconf 88' lang='lat' dir='ltr'><strong>nicht</strong></span> <span class='ocrx_word' id='word_1_384' title='bbox 912 1486 1145 1529; x_wconf 80' lang='lat' dir='ltr'><strong>hinzugefiigt,</strong></span> <span class='ocrx_word' id='word_1_385' title='bbox 1182 1487 1375 1531; x_wconf 77' lang='lat' dir='ltr'><strong>Nipperdey</strong></span> <span class='ocrx_word' id='word_1_386' title='bbox 1415 1499 1458 1520; x_wconf 88' lang='lat' dir='ltr'><strong>zu</strong></span> 
     </span>
     <span class='ocr_line' id='line_1_54' title="bbox 788 1533 1460 1576; baseline -0.001 -10"><span class='ocrx_word' id='word_1_387' title='bbox 788 1534 867 1567; x_wconf 83' lang='lat' dir='ltr'><strong>Tae.</strong></span> <span class='ocrx_word' id='word_1_388' title='bbox 891 1535 976 1566; x_wconf 89' lang='lat' dir='ltr'><strong>Anu.</strong></span> <span class='ocrx_word' id='word_1_389' title='bbox 1004 1534 1032 1574; x_wconf 92' lang='lat'><strong>1,</strong></span> <span class='ocrx_word' id='word_1_390' title='bbox 1057 1533 1111 1565; x_wconf 88' lang='grc'><strong>29.</strong></span> <span class='ocrx_word' id='word_1_391' title='bbox 1134 1551 1180 1556; x_wconf 89' lang='lat'><strong>-—</strong></span> <span class='ocrx_word' id='word_1_392' title='bbox 1203 1535 1331 1576; x_wconf 63' lang='lat' dir='ltr'><strong>infe-ct„</strong></span> <span class='ocrx_word' id='word_1_393' title='bbox 1356 1533 1460 1566; x_wconf 86' lang='lat' dir='ltr'><strong>iiber-</strong></span> 
     </span>
     <span class='ocr_line' id='line_1_55' title="bbox 787 1578 1460 1623; baseline -0.003 -11"><span class='ocrx_word' id='word_1_394' title='bbox 787 1581 903 1623; x_wconf 88' lang='lat' dir='ltr'><strong>haupt,</strong></span> <span class='ocrx_word' id='word_1_395' title='bbox 934 1580 1023 1611; x_wconf 85' lang='lat' dir='ltr'><strong>nicht</strong></span> <span class='ocrx_word' id='word_1_396' title='bbox 1051 1578 1123 1610; x_wconf 92' lang='lat' dir='ltr'><strong>blos</strong></span> <span class='ocrx_word' id='word_1_397' title='bbox 1152 1579 1193 1610; x_wconf 93' lang='lat' dir='ltr'><strong>im</strong></span> <span class='ocrx_word' id='word_1_398' title='bbox 1216 1578 1395 1619; x_wconf 85' lang='lat' dir='ltr'><strong>Vergleich</strong></span> <span class='ocrx_word' id='word_1_399' title='bbox 1418 1589 1460 1610; x_wconf 88' lang='lat' dir='ltr'><strong>zu</strong></span> 
     </span>
     <span class='ocr_line' id='line_1_56' title="bbox 788 1624 1460 1667; baseline -0.003 -10"><span class='ocrx_word' id='word_1_400' title='bbox 788 1625 989 1657; x_wconf 86' lang='lat' dir='ltr'><strong>Demetrius.</strong></span> <span class='ocrx_word' id='word_1_401' title='bbox 1006 1643 1051 1647; x_wconf 91' lang='lat'>—</span> <span class='ocrx_word' id='word_1_402' title='bbox 1063 1626 1200 1655; x_wconf 73' lang='lat' dir='ltr'><strong>iamiam</strong></span> <span class='ocrx_word' id='word_1_403' title='bbox 1210 1627 1312 1667; x_wconf 79' lang='lat' dir='ltr'><strong>prim.</strong></span> <span class='ocrx_word' id='word_1_404' title='bbox 1330 1625 1374 1656; x_wconf 89' lang='lat' dir='ltr'><strong>ist</strong></span> <span class='ocrx_word' id='word_1_405' title='bbox 1387 1624 1460 1656; x_wconf 87' lang='lat' dir='ltr'><strong>hier</strong></span> 
     </span>
     <span class='ocr_line' id='line_1_57' title="bbox 790 1668 1458 1712; baseline -0.003 -10"><span class='ocrx_word' id='word_1_406' title='bbox 790 1671 880 1702; x_wconf 88' lang='lat' dir='ltr'><strong>nicht</strong></span> <span class='ocrx_word' id='word_1_407' title='bbox 898 1670 1051 1712; x_wconf 88' lang='lat' dir='ltr'><strong>passend,</strong></span> <span class='ocrx_word' id='word_1_408' title='bbox 1069 1669 1190 1701; x_wconf 82' lang='lat' dir='ltr'><strong>anders</strong></span> <span class='ocrx_word' id='word_1_409' title='bbox 1209 1669 1262 1709; x_wconf 86' lang='lat'><strong>26,</strong></span> <span class='ocrx_word' id='word_1_410' title='bbox 1279 1668 1333 1707; x_wconf 86' lang='lat'><strong>33,</strong></span> <span class='ocrx_word' id='word_1_411' title='bbox 1358 1668 1396 1707; x_wconf 73' lang='lat'><strong>33</strong></span> <span class='ocrx_word' id='word_1_412' title='bbox 1421 1678 1458 1700; x_wconf 87' lang='lat' dir='ltr'><strong>es</strong></span> 
     </span>
     <span class='ocr_line' id='line_1_58' title="bbox 788 1713 1458 1755; baseline -0.003 -8"><span class='ocrx_word' id='word_1_413' title='bbox 788 1716 872 1747; x_wconf 87' lang='lat' dir='ltr'><strong>wird</strong></span> <span class='ocrx_word' id='word_1_414' title='bbox 890 1715 1042 1747; x_wconf 86' lang='lat' dir='ltr'><strong>derselbe</strong></span> <span class='ocrx_word' id='word_1_415' title='bbox 1061 1713 1218 1746; x_wconf 83' lang='lat' dir='ltr'><strong>Gedanke</strong></span> <span class='ocrx_word' id='word_1_416' title='bbox 1236 1715 1299 1746; x_wconf 86' lang='lat' dir='ltr'><strong>wie</strong></span> <span class='ocrx_word' id='word_1_417' title='bbox 1317 1713 1378 1755; x_wconf 84' lang='lat'><strong>41,</strong></span> <span class='ocrx_word' id='word_1_418' title='bbox 1403 1713 1458 1753; x_wconf 87' lang='grc'><strong>23,</strong></span> 
     </span>
     <span class='ocr_line' id='line_1_59' title="bbox 793 1760 1458 1802; baseline -0.003 -10"><span class='ocrx_word' id='word_1_419' title='bbox 793 1761 850 1794; x_wconf 81' lang='grc'><strong>12;</strong></span> <span class='ocrx_word' id='word_1_420' title='bbox 875 1760 956 1802; x_wconf 80' lang='lat' dir='ltr'><strong>quid</strong></span> <span class='ocrx_word' id='word_1_421' title='bbox 977 1761 1029 1792; x_wconf 80' lang='lat' dir='ltr'><strong>hic</strong></span> <span class='ocrx_word' id='word_1_422' title='bbox 1048 1762 1129 1802; x_wconf 71' lang='lat' dir='ltr'><strong>post</strong></span> <span class='ocrx_word' id='word_1_423' title='bbox 1148 1762 1293 1792; x_wconf 77' lang='lat' dir='ltr'><strong>mortem</strong></span> <span class='ocrx_word' id='word_1_424' title='bbox 1312 1764 1376 1791; x_wconf 78' lang='lat' dir='ltr'><strong>etc.</strong></span> <span class='ocrx_word' id='word_1_425' title='bbox 1402 1769 1458 1790; x_wconf 88' lang='lat' dir='ltr'><strong>er-</strong></span> 
     </span>
     <span class='ocr_line' id='line_1_60' title="bbox 789 1804 1458 1849; baseline -0.001 -12"><span class='ocrx_word' id='word_1_426' title='bbox 789 1804 926 1847; x_wconf 85' lang='lat' dir='ltr'><strong>fordert,</strong></span> <span class='ocrx_word' id='word_1_427' title='bbox 940 1810 1027 1837; x_wconf 81' lang='lat' dir='ltr'><strong>etwa</strong></span> <span class='ocrx_word' id='word_1_428' title='bbox 1040 1807 1107 1836; x_wconf 82' lang='lat' dir='ltr'><strong>iam</strong></span> <span class='ocrx_word' id='word_1_429' title='bbox 1121 1806 1161 1836; x_wconf 85' lang='lat' dir='ltr'><strong>ab</strong></span> <span class='ocrx_word' id='word_1_430' title='bbox 1176 1807 1269 1837; x_wconf 77' lang='lat' dir='ltr'><strong>initio</strong></span> <span class='ocrx_word' id='word_1_431' title='bbox 1284 1805 1316 1846; x_wconf 86' lang='lat' dir='ltr'><strong>(a</strong></span> <span class='ocrx_word' id='word_1_432' title='bbox 1325 1806 1458 1849; x_wconf 79' lang='lat' dir='ltr'><strong>princi-</strong></span> 
     </span>
     <span class='ocr_line' id='line_1_61' title="bbox 786 1850 1458 1894; baseline -0.003 -11"><span class='ocrx_word' id='word_1_433' title='bbox 786 1852 856 1894; x_wconf 85' lang='lat' dir='ltr'><strong>pio)</strong></span> <span class='ocrx_word' id='word_1_434' title='bbox 874 1853 983 1893; x_wconf 77' lang='lat' dir='ltr'><strong>regni,</strong></span> <span class='ocrx_word' id='word_1_435' title='bbox 1003 1860 1071 1881; x_wconf 87' lang='lat' dir='ltr'><strong>was</strong></span> <span class='ocrx_word' id='word_1_436' title='bbox 1091 1851 1122 1882; x_wconf 91' lang='lat' dir='ltr'><strong>in</strong></span> <span class='ocrx_word' id='word_1_437' title='bbox 1142 1851 1280 1882; x_wconf 79' lang='lat' dir='ltr'><strong>iamiam</strong></span> <span class='ocrx_word' id='word_1_438' title='bbox 1295 1860 1349 1893; x_wconf 85' lang='lat' dir='ltr'><strong>pr.</strong></span> <span class='ocrx_word' id='word_1_439' title='bbox 1369 1850 1458 1881; x_wconf 86' lang='lat' dir='ltr'><strong>nicht</strong></span> 
     </span>
     <span class='ocr_line' id='line_1_62' title="bbox 789 1892 1458 1938; baseline -0.003 -10"><span class='ocrx_word' id='word_1_440' title='bbox 789 1897 889 1937; x_wconf 79' lang='lat' dir='ltr'><strong>liegt3</strong></span> <span class='ocrx_word' id='word_1_441' title='bbox 908 1906 966 1927; x_wconf 85' lang='lat' dir='ltr'><strong>aus</strong></span> <span class='ocrx_word' id='word_1_442' title='bbox 986 1897 1068 1938; x_wconf 85' lang='lat' dir='ltr'><strong>App.</strong></span> <span class='ocrx_word' id='word_1_443' title='bbox 1088 1895 1109 1928; x_wconf 93' lang='grc'><strong>1.</strong></span> <span class='ocrx_word' id='word_1_444' title='bbox 1127 1896 1148 1927; x_wconf 91' lang='lat' dir='ltr'><strong>l.</strong></span> <span class='ocrx_word' id='word_1_445' title='bbox 1167 1893 1337 1936; x_wconf 80' lang='grc' dir='ltr'><em>βασιλεὺς</em></span> <span class='ocrx_word' id='word_1_446' title='bbox 1354 1892 1458 1938; x_wconf 79' lang='grc' dir='ltr'><em>γενό-</em></span> 
     </span>
     <span class='ocr_line' id='line_1_63' title="bbox 787 1938 1459 1986; baseline -0.003 -13"><span class='ocrx_word' id='word_1_447' title='bbox 787 1952 899 1986; x_wconf 81' lang='grc' dir='ltr'><em>μενος</em></span> <span class='ocrx_word' id='word_1_448' title='bbox 923 1938 1032 1974; x_wconf 70' lang='grc' dir='ltr'><em>οὐδὲν</em></span> <span class='ocrx_word' id='word_1_449' title='bbox 1050 1938 1235 1973; x_wconf 77' lang='grc' dir='ltr'><em>ἐκλύσειεν</em></span> <span class='ocrx_word' id='word_1_450' title='bbox 1254 1938 1363 1982; x_wconf 79' lang='grc' dir='ltr'><em>αὐτῆς</em></span> <span class='ocrx_word' id='word_1_451' title='bbox 1384 1940 1459 1981; x_wconf 77' lang='grc' dir='ltr'>(τῆς</span> 
     </span>
     <span class='ocr_line' id='line_1_64' title="bbox 789 1983 1459 2032; baseline -0.001 -13"><span class='ocrx_word' id='word_1_452' title='bbox 789 1986 1060 2032; x_wconf 78' lang='grc' dir='ltr'>παρασκευῆς),</span> <span class='ocrx_word' id='word_1_453' title='bbox 1088 1983 1178 2018; x_wconf 77' lang='grc' dir='ltr'><strong>ἀλλὰ</strong></span> <span class='ocrx_word' id='word_1_454' title='bbox 1210 1983 1459 2030; x_wconf 75' lang='grc' dir='ltr'><em>προσεξεργά-</em></span> 
     </span>
     <span class='ocr_line' id='line_1_65' title="bbox 789 2029 1458 2076; baseline -0.003 -12"><span class='ocrx_word' id='word_1_455' title='bbox 789 2041 895 2065; x_wconf 70' lang='lat' dir='ltr'><strong>auito</strong></span> <span class='ocrx_word' id='word_1_456' title='bbox 910 2030 1011 2076; x_wconf 74' lang='grc' dir='ltr'><em>ἕτερα</em></span> <span class='ocrx_word' id='word_1_457' title='bbox 1026 2032 1111 2064; x_wconf 75' lang='lat' dir='ltr'><strong>liisst</strong></span> <span class='ocrx_word' id='word_1_458' title='bbox 1125 2032 1193 2063; x_wconf 85' lang='lat' dir='ltr'><strong>sich</strong></span> <span class='ocrx_word' id='word_1_459' title='bbox 1207 2029 1261 2063; x_wconf 77' lang='lat' dir='ltr'><strong>fiir</strong></span> <span class='ocrx_word' id='word_1_460' title='bbox 1274 2032 1325 2063; x_wconf 88' lang='lat' dir='ltr'><strong>die</strong></span> <span class='ocrx_word' id='word_1_461' title='bbox 1337 2031 1458 2064; x_wconf 85' lang='lat' dir='ltr'><strong>Worte</strong></span> 
     </span>
     <span class='ocr_line' id='line_1_66' title="bbox 787 2076 1457 2114; baseline -0.001 -5"><span class='ocrx_word' id='word_1_462' title='bbox 787 2076 853 2110; x_wconf 86' lang='lat' dir='ltr'><strong>L.&#39;s</strong></span> <span class='ocrx_word' id='word_1_463' title='bbox 869 2079 975 2110; x_wconf 70' lang='lat' dir='ltr'><strong>nichts</strong></span> <span class='ocrx_word' id='word_1_464' title='bbox 991 2078 1206 2114; x_wconf 70' lang='lat' dir='ltr'><strong>entnehmem</strong></span> <span class='ocrx_word' id='word_1_465' title='bbox 1222 2087 1257 2108; x_wconf 89' lang='lat' dir='ltr'><strong>es</strong></span> <span class='ocrx_word' id='word_1_466' title='bbox 1271 2077 1355 2108; x_wconf 90' lang='lat' dir='ltr'><strong>wird</strong></span> <span class='ocrx_word' id='word_1_467' title='bbox 1370 2079 1457 2109; x_wconf 82' lang='lat' dir='ltr'><strong>tam-</strong></span> 
     </span>
     <span class='ocr_line' id='line_1_67' title="bbox 787 2124 1457 2167; baseline -0.004 -11"><span class='ocrx_word' id='word_1_468' title='bbox 787 2135 888 2166; x_wconf 80' lang='lat' dir='ltr'><strong>quam</strong></span> <span class='ocrx_word' id='word_1_469' title='bbox 908 2126 1081 2167; x_wconf 80' lang='lat' dir='ltr'><strong>primum,·</strong></span> <span class='ocrx_word' id='word_1_470' title='bbox 1103 2125 1170 2154; x_wconf 82' lang='lat' dir='ltr'><strong>iam</strong></span> <span class='ocrx_word' id='word_1_471' title='bbox 1192 2124 1374 2166; x_wconf 77' lang='lat' dir='ltr'><strong>septimum</strong></span> <span class='ocrx_word' id='word_1_472' title='bbox 1396 2132 1457 2153; x_wconf 79' lang='grc' dir='ltr'><strong>αη-</strong></span> 
     </span>
     <span class='ocr_line' id='line_1_68' title="bbox 786 2166 1457 2212; baseline -0.003 -11"><span class='ocrx_word' id='word_1_473' title='bbox 786 2180 885 2209; x_wconf 70' lang='grc' dir='ltr'><strong>ηιιηι,</strong></span> <span class='ocrx_word' id='word_1_474' title='bbox 902 2172 969 2201; x_wconf 79' lang='lat' dir='ltr'><strong>iam</strong></span> <span class='ocrx_word' id='word_1_475' title='bbox 985 2169 1117 2212; x_wconf 76' lang='lat' dir='ltr'><strong>pridem</strong></span> <span class='ocrx_word' id='word_1_476' title='bbox 1141 2178 1256 2210; x_wconf 86' lang='lat' dir='ltr'><strong>verm.,</strong></span> <span class='ocrx_word' id='word_1_477' title='bbox 1278 2168 1345 2208; x_wconf 84' lang='lat' dir='ltr'>vgl.</span> <span class='ocrx_word' id='word_1_478' title='bbox 1364 2166 1457 2200; x_wconf 84' lang='lat' dir='ltr'><strong>Hand</strong></span> 
     </span>
     <span class='ocr_line' id='line_1_69' title="bbox 787 2213 1134 2254; baseline -0.003 -8"><span class='ocrx_word' id='word_1_479' title='bbox 787 2213 888 2246; x_wconf 85' lang='lat' dir='ltr'><strong>Turs.</strong></span> <span class='ocrx_word' id='word_1_480' title='bbox 906 2214 936 2254; x_wconf 89' lang='lat'><strong>3,</strong></span> <span class='ocrx_word' id='word_1_481' title='bbox 958 2214 1038 2248; x_wconf 79' lang='lat'><strong>157:</strong></span> <span class='ocrx_word' id='word_1_482' title='bbox 1061 2213 1134 2245; x_wconf 89' lang='lat'><strong>123.</strong></span> 
     </span>
    </p>

    <p class='ocr_par' dir='ltr' id='par_1_10' title="bbox 833 2257 1454 2303">
     <span class='ocr_line' id='line_1_70' title="bbox 833 2257 1454 2303; baseline -0.003 -12"><span class='ocrx_word' id='word_1_483' title='bbox 833 2260 924 2291; x_wconf 82' lang='grc'><strong>6-9.</strong></span> <span class='ocrx_word' id='word_1_484' title='bbox 948 2271 1031 2303; x_wconf 65' lang='lat' dir='ltr'><strong>pam,</strong></span> <span class='ocrx_word' id='word_1_485' title='bbox 1049 2270 1075 2291; x_wconf 83' lang='lat' dir='ltr'><strong>S.</strong></span> <span class='ocrx_word' id='word_1_486' title='bbox 1095 2270 1123 2291; x_wconf 86' lang='lat' dir='ltr'><strong>c.</strong></span> <span class='ocrx_word' id='word_1_487' title='bbox 1145 2258 1195 2299; x_wconf 88' lang='lat'><strong>10,</strong></span> <span class='ocrx_word' id='word_1_488' title='bbox 1219 2258 1258 2297; x_wconf 82' lang='lat'><strong>9;</strong></span> <span class='ocrx_word' id='word_1_489' title='bbox 1283 2258 1337 2297; x_wconf 89' lang='lat'><strong>52,</strong></span> <span class='ocrx_word' id='word_1_490' title='bbox 1363 2257 1394 2289; x_wconf 89' lang='lat'><strong>2.</strong></span> <span class='ocrx_word' id='word_1_491' title='bbox 1412 2275 1454 2280; x_wconf 90' lang='lat'><strong>—-</strong></span> 
     </span>
    </p>
   </div>
   <div class='ocr_carea' id='block_1_9' title="bbox 776 2304 1455 2347">
    <p class='ocr_par' dir='ltr' id='par_1_11' title="bbox 776 2304 1455 2347">
     <span class='ocr_line' id='line_1_71' title="bbox 776 2304 1455 2347; baseline -0.006 -10"><span class='ocrx_word' id='word_1_492' title='bbox 776 2305 910 2347; x_wconf 80' lang='lat' dir='ltr'><strong>florere</strong></span> <span class='ocrx_word' id='word_1_493' title='bbox 931 2305 976 2336; x_wconf 84' lang='lat' dir='ltr'><strong>ist</strong></span> <span class='ocrx_word' id='word_1_494' title='bbox 998 2306 1078 2337; x_wconf 87' lang='lat' dir='ltr'><strong>nach</strong></span> <span class='ocrx_word' id='word_1_495' title='bbox 1102 2305 1164 2336; x_wconf 85' lang='lat' dir='ltr'><strong>den</strong></span> <span class='ocrx_word' id='word_1_496' title='bbox 1195 2304 1455 2336; x_wconf 84' lang='lat' dir='ltr'><strong>verschiedeneu</strong></span> 
     </span>
    </p>
   </div>
   <div class='ocr_carea' id='block_1_10' title="bbox 787 2349 1456 2663">
    <p class='ocr_par' dir='ltr' id='par_1_12' title="bbox 787 2349 1456 2663">
     <span class='ocr_line' id='line_1_72' title="bbox 787 2349 1455 2391; baseline -0.006 -9"><span class='ocrx_word' id='word_1_497' title='bbox 787 2350 949 2391; x_wconf 80' lang='lat' dir='ltr'><strong>Objecten</strong></span> <span class='ocrx_word' id='word_1_498' title='bbox 969 2350 1185 2382; x_wconf 84' lang='lat' dir='ltr'><strong>verschieden</strong></span> <span class='ocrx_word' id='word_1_499' title='bbox 1204 2360 1244 2381; x_wconf 86' lang='lat' dir='ltr'><strong>zu</strong></span> <span class='ocrx_word' id='word_1_500' title='bbox 1263 2349 1410 2387; x_wconf 85' lang='lat' dir='ltr'><strong>nehmen,</strong></span> <span class='ocrx_word' id='word_1_501' title='bbox 1429 2357 1455 2379; x_wconf 87' lang='lat' dir='ltr'><strong>s.</strong></span> 
     </span>
     <span class='ocr_line' id='line_1_73' title="bbox 789 2393 1456 2438; baseline -0.003 -13"><span class='ocrx_word' id='word_1_502' title='bbox 789 2396 839 2437; x_wconf 77' lang='lat'><strong>39,</strong></span> <span class='ocrx_word' id='word_1_503' title='bbox 865 2396 918 2438; x_wconf 79' lang='lat'><strong>47,</strong></span> <span class='ocrx_word' id='word_1_504' title='bbox 943 2395 973 2426; x_wconf 85' lang='lat'><strong>9.</strong></span> <span class='ocrx_word' id='word_1_505' title='bbox 996 2414 1040 2419; x_wconf 86' lang='lat'>—</span> <span class='ocrx_word' id='word_1_506' title='bbox 1069 2406 1154 2438; x_wconf 74' lang='lat' dir='ltr'><strong>quae</strong></span> <span class='ocrx_word' id='word_1_507' title='bbox 1176 2393 1235 2426; x_wconf 80' lang='lat' dir='ltr'><strong>auf</strong></span> <span class='ocrx_word' id='word_1_508' title='bbox 1254 2397 1349 2425; x_wconf 77' lang='lat' dir='ltr'><strong>aelus</strong></span> <span class='ocrx_word' id='word_1_509' title='bbox 1373 2396 1456 2424; x_wconf 78' lang='lat' dir='ltr'><strong>stutt</strong></span> 
     </span>
     <span class='ocr_line' id='line_1_74' title="bbox 787 2437 1456 2481; baseline -0.007 -8"><span class='ocrx_word' id='word_1_510' title='bbox 787 2440 846 2472; x_wconf 79' lang='lat' dir='ltr'><strong>auf</strong></span> <span class='ocrx_word' id='word_1_511' title='bbox 862 2441 1008 2473; x_wconf 74' lang='lat' dir='ltr'><strong>Perseus</strong></span> <span class='ocrx_word' id='word_1_512' title='bbox 1027 2441 1186 2481; x_wconf 80' lang='lat' dir='ltr'><strong>bezogen,</strong></span> <span class='ocrx_word' id='word_1_513' title='bbox 1209 2442 1358 2470; x_wconf 78' lang='lat' dir='ltr'><strong>animum</strong></span> <span class='ocrx_word' id='word_1_514' title='bbox 1375 2437 1456 2469; x_wconf 82' lang='lat' dir='ltr'><strong>uber</strong></span> 
     </span>
     <span class='ocr_line' id='line_1_75' title="bbox 787 2482 1456 2530; baseline -0.007 -12"><span class='ocrx_word' id='word_1_515' title='bbox 787 2497 910 2530; x_wconf 80' lang='lat' dir='ltr'><strong>corpus</strong></span> <span class='ocrx_word' id='word_1_516' title='bbox 941 2484 1282 2527; x_wconf 69' lang='lat' dir='ltr'><strong>gegeniibergestellt,</strong></span> <span class='ocrx_word' id='word_1_517' title='bbox 1322 2483 1389 2524; x_wconf 81' lang='lat' dir='ltr'><strong>vgl.</strong></span> <span class='ocrx_word' id='word_1_518' title='bbox 1424 2482 1456 2523; x_wconf 91' lang='lat'><strong>2,</strong></span> 
     </span>
     <span class='ocr_line' id='line_1_76' title="bbox 789 2527 1455 2573; baseline -0.005 -12"><span class='ocrx_word' id='word_1_519' title='bbox 789 2532 842 2571; x_wconf 88' lang='lat'><strong>30,</strong></span> <span class='ocrx_word' id='word_1_520' title='bbox 871 2532 925 2563; x_wconf 67' lang='lat'><strong>14:</strong></span> <span class='ocrx_word' id='word_1_521' title='bbox 951 2533 1101 2573; x_wconf 70' lang='lat' dir='ltr'><strong>vigentes</strong></span> <span class='ocrx_word' id='word_1_522' title='bbox 1125 2530 1340 2572; x_wconf 80' lang='lat' dir='ltr'><strong>corporibus;</strong></span> <span class='ocrx_word' id='word_1_523' title='bbox 1367 2528 1399 2568; x_wconf 80' lang='lat'><strong>9,</strong></span> <span class='ocrx_word' id='word_1_524' title='bbox 1424 2527 1455 2570; x_wconf 85' lang='lat'><strong>3,</strong></span> 
     </span>
     <span class='ocr_line' id='line_1_77' title="bbox 789 2572 1454 2617; baseline -0.006 -9"><span class='ocrx_word' id='word_1_525' title='bbox 789 2577 827 2615; x_wconf 80' lang='lat'><strong>5;</strong></span> <span class='ocrx_word' id='word_1_526' title='bbox 846 2577 877 2617; x_wconf 84' lang='lat'><strong>6,</strong></span> <span class='ocrx_word' id='word_1_527' title='bbox 896 2577 949 2616; x_wconf 90' lang='lat'><strong>22,</strong></span> <span class='ocrx_word' id='word_1_528' title='bbox 965 2578 995 2607; x_wconf 87' lang='lat'><strong>7.</strong></span> <span class='ocrx_word' id='word_1_529' title='bbox 1013 2595 1057 2600; x_wconf 90' lang='lat'><strong>-—</strong></span> <span class='ocrx_word' id='word_1_530' title='bbox 1076 2577 1146 2607; x_wconf 81' lang='lat' dir='ltr'><strong>rob.</strong></span> <span class='ocrx_word' id='word_1_531' title='bbox 1165 2585 1203 2605; x_wconf 82' lang='lat' dir='ltr'><strong>ac</strong></span> <span class='ocrx_word' id='word_1_532' title='bbox 1220 2575 1296 2614; x_wconf 78' lang='lat' dir='ltr'><strong>t·1&#39;r.,</strong></span> <span class='ocrx_word' id='word_1_533' title='bbox 1320 2573 1373 2611; x_wconf 89' lang='lat'><strong>28,</strong></span> <span class='ocrx_word' id='word_1_534' title='bbox 1399 2572 1454 2614; x_wconf 89' lang='lat'><strong>21,</strong></span> 
     </span>
     <span class='ocr_line' id='line_1_78' title="bbox 788 2618 1452 2663; baseline -0.006 -10"><span class='ocrx_word' id='word_1_535' title='bbox 788 2622 825 2661; x_wconf 79' lang='lat'><strong>03</strong></span> <span class='ocrx_word' id='word_1_536' title='bbox 851 2621 905 2663; x_wconf 86' lang='lat'><strong>21,</strong></span> <span class='ocrx_word' id='word_1_537' title='bbox 932 2622 958 2663; x_wconf 88' lang='lat'><strong>1,</strong></span> <span class='ocrx_word' id='word_1_538' title='bbox 984 2621 1002 2652; x_wconf 87' lang='lat'><strong>2</strong></span> <span class='ocrx_word' id='word_1_539' title='bbox 1022 2632 1051 2652; x_wconf 92' lang='lat' dir='ltr'><strong>u.</strong></span> <span class='ocrx_word' id='word_1_540' title='bbox 1075 2631 1104 2651; x_wconf 81' lang='lat' dir='ltr'><strong>a.</strong></span> <span class='ocrx_word' id='word_1_541' title='bbox 1129 2638 1173 2642; x_wconf 92' lang='lat'><em>—</em></span> <span class='ocrx_word' id='word_1_542' title='bbox 1195 2622 1344 2661; x_wconf 65' lang='lat' dir='ltr'><strong>int-oter,</strong></span> <span class='ocrx_word' id='word_1_543' title='bbox 1366 2618 1452 2650; x_wconf 85' lang='lat' dir='ltr'><strong>hier:</strong></span> 
     </span>
    </p>
   </div>
   <div class='ocr_carea' id='block_1_11' title="bbox 1487 469 1508 502">
    <p class='ocr_par' dir='ltr' id='par_1_13' title="bbox 1487 469 1508 502">
     <span class='ocr_line' id='line_1_79' title="bbox 1487 469 1508 502; baseline 0 0"><span class='ocrx_word' id='word_1_544' title='bbox 1487 469 1508 502; x_wconf 85' lang='lat'><strong>3</strong></span> 
     </span>
    </p>
   </div>
   <div class='ocr_carea' id='block_1_12' title="bbox 1487 699 1508 732">
    <p class='ocr_par' dir='ltr' id='par_1_14' title="bbox 1487 699 1508 732">
     <span class='ocr_line' id='line_1_80' title="bbox 1487 699 1508 732; baseline 0 0"><span class='ocrx_word' id='word_1_545' title='bbox 1487 699 1508 732; x_wconf 78' lang='lat'><strong>4</strong></span> 
     </span>
    </p>
   </div>
   <div class='ocr_carea' id='block_1_13' title="bbox 1487 815 1507 847">
    <p class='ocr_par' dir='ltr' id='par_1_15' title="bbox 1487 815 1507 847">
     <span class='ocr_line' id='line_1_81' title="bbox 1487 815 1507 847; baseline 0 0"><span class='ocrx_word' id='word_1_546' title='bbox 1487 815 1507 847; x_wconf 89' lang='grc'><strong>5</strong></span> 
     </span>
    </p>
   </div>
  </div>
 </body>
</html>
