1712 2825
486 211 542 243 Ex
567 211 636 244 lib.
655 210 989 245 cxx-cxxxx'i.
1366 209 1448 250 283

33 319 151 358 gustus
169 315 200 346 in
213 314 425 356 spectaculis,
443 314 531 345 sicut
543 312 660 345 Livius
674 317 801 352 narrat,
818 311 965 344 Romano
979 313 1098 354 populo
1114 313 1253 352 nuntiat,
1271 322 1448 353 regressus

34 371 54 392 a
65 359 238 393 Britannia
253 359 373 401 insula,
389 363 496 391 totum
514 359 626 390 orbem
642 363 811 390 terrarum
827 362 894 389 tam
911 358 998 389 bello
1017 368 1112 399 quam
1130 357 1284 389 amicitiis
1301 357 1447 389 Romano

32 405 171 448 imperio
194 404 283 447 pacis
302 404 502 436 abundantia
519 403 696 436 subditum.
729 404 910 446 Apponius
925 405 957 435 in
976 405 1145 436 canticum
1161 405 1371 435 canticorum
1387 400 1448 434 XII

33 461 68 494 p.
87 450 150 482 237
169 449 220 482 ed.
238 449 335 482 Rom.
352 459 384 481 a.
402 450 497 481 1843.

560 528 615 560 Ex
639 529 706 561 lib.
725 527 914 561 CXXXVI.

124 585 179 625 54)
221 585 259 617 Τ.
293 586 409 618 Livius
441 585 528 617 libro
568 596 698 616 cxxxm:
744 576 881 615 eodem
930 585 1032 613 anno
1079 574 1190 613 ludos
1233 574 1446 614 SaeculareS

35 633 175 673 Caesar
202 635 349 686 ingenti
376 636 562 686 adparatu
589 635 700 681 fecit,
727 645 823 684 quos
846 631 1058 671 centesimo
1082 643 1238 682 quoque
1267 643 1368 670 anno
1389 654 1446 659 —

34 689 67 778 {s
87 690 192 778 eni&
212 692 404 778 t3epminus
425 692 568 731 saeculi
588 715 644 719 ——
665 690 747 730 fieri
770 702 869 728 mos.
917 696 1090 731 Censorin.
1114 697 1154 729 de
1180 697 1233 730 die
1262 701 1332 730 nat.
1357 710 1384 731 e.
1406 700 1444 731 17

67 756 123 789 .p.
187 771 195 786 ,
267 747 344 778 alm.

233 837 521 871 INCERTORVM
538 838 576 870 A.
598 838 638 871 V.
658 838 692 869 C.
712 836 937 870 LIBRORVM
954 836 1243 870 FRAGMENTA.

123 893 178 932 55)
204 892 291 934 „Vir
312 892 435 933 ingenii
458 892 566 932 magni
589 892 693 932 magis
718 901 813 934 quam
833 891 943 923 boui“.
962 890 1002 923 L.
1016 890 1143 923 Seneca
1161 891 1201 923 de
1214 894 1278 931 ira,
1297 891 1319 933 I,
1339 892 1388 931 16,
1405 891 1444 923 27

34 936 73 969 F.
108 937 161 978 20,
180 938 199 968 6
217 937 268 976 H.)

95 939 104 979 (
124 982 179 1021 56)
207 981 302 1014 Titus
326 981 460 1022 Livius,
494 982 704 1024 eloquentiae
736 992 774 1013 ac
814 982 889 1013 fidei
920 982 1132 1024 praeclarus,
1168 980 1223 1012 Cn.
1257 980 1445 1023 Pompeium

35 1027 139 1060 tantis
155 1027 308 1059 laudibus
326 1028 415 1067 tulit,
433 1032 469 1059 ut
482 1027 714 1068 Pompeianum
731 1037 805 1058 eum
819 1027 990 1067 Augustus
1005 1026 1178 1069 apellaret,
1198 1036 1300 1068 neque
1318 1027 1350 1058 id
1364 1027 1447 1058 ami-

35 1072 133 1104 citiae
151 1082 265 1104 eorum
284 1071 445 1104 officeret.
480 1071 558 1103 Tac.
577 1072 660 1103 Ann.
680 1072 710 1111 4,
729 1072 782 1103 34.

123 1118 178 1158 57)
197 1117 355 1159 Equidem
370 1136 412 1140 —
426 1117 586 1159 profiteor
600 1117 728 1157 mirari,
743 1116 780 1149 Τ.
797 1117 938 1156 Livium,
953 1122 1123 1148 auctorem
1132 1117 1397 1157 celeberrimum,
1411 1117 1445 1148 in

32 1162 249 1195 historiarum
271 1172 422 1202 suarum,
448 1173 526 1205 quas
551 1163 672 1204 repetit
696 1163 736 1193 ab
756 1163 883 1203 origine
909 1162 1017 1202 urbis,
1043 1162 1182 1204 quodam
1208 1162 1372 1193 volumine
1397 1162 1445 1194 sic

35 1218 164 1240 orsum:
189 1208 271 1240 satis
290 1208 351 1240 iam
370 1208 433 1239 sibi
450 1207 578 1249 gloriae
597 1208 792 1250 quaesitum,
811 1213 842 1239 et
860 1207 1007 1250 potuisse
1024 1217 1059 1239 se
1077 1207 1246 1247 desidere,
1265 1207 1297 1238 ni
1315 1207 1443 1239 animus

32 1253 160 1295 inquies
179 1258 374 1295 pasceretur
391 1263 501 1295 opere.
535 1253 668 1285 Plinius
684 1256 752 1284 nat.
771 1254 849 1285 hist.
864 1253 981 1295 praef.
1000 1251 1020 1294 ξ
1043 1252 1091 1283 16.

126 1298 180 1337 58)
209 1297 246 1329 Τ.
271 1298 388 1330 Livius
414 1308 451 1329 ac
474 1297 585 1340 Nepos
609 1298 784 1329 Cornelius
808 1298 997 1330 latitudinis
1022 1297 1114 1336 (freti
1141 1296 1313 1336 Gaditani)
1337 1297 1443 1328 tradi-

0 1358 1 1370 *
33 1344 154 1375 derunt
170 1343 276 1375 minus
294 1348 418 1386 septem
434 1343 522 1375 milia
540 1354 711 1385 passuum,
736 1343 791 1375 ubi
811 1354 890 1375 vero
910 1343 1094 1385 plurumum
1109 1343 1219 1374 deceni
1237 1342 1340 1374 milia.
1374 1342 1443 1374 Pli-

0 1386 1 1415 ἶ
32 1390 110 1420 nius
126 1391 195 1420 nat.
215 1390 293 1420 ln'st.
312 1387 362 1428 Ill,
385 1389 410 1430 l,
429 1389 459 1420 4.

0 1428 1 1451 ἶ
125 1433 180 1472 59)
203 1433 298 1475 Alpis
318 1434 348 1464 in
366 1433 605 1474 longitudinem
623 1433 753 1465 deciens
773 1438 910 1465 centena
929 1432 1018 1464 milia
1041 1442 1128 1474 pass.
1149 1437 1265 1474 patere
1283 1443 1302 1464 a
1319 1442 1440 1474 supero

33 1478 118 1510 mari
141 1479 181 1511 ad
204 1477 345 1510 inferum
369 1478 502 1510 Caelius
526 1478 645 1518 tradit,
672 1478 868 1519 Timagenes
893 1489 959 1509 xxii
979 1489 996 1508 n
1017 1487 1105 1520 pass.
1124 1478 1291 1518 deductis,
1315 1477 1347 1508 in
1365 1478 1443 1509 lati-

30 1523 177 1556 tudinem
200 1529 310 1556 autem
334 1522 510 1556 Cornelius
524 1523 636 1565 Nepos
661 1535 718 1563 cn,
743 1523 840 1556 Titus
858 1523 976 1555 Livius
999 1523 1067 1554 tria
1086 1534 1103 1554 M
1124 1523 1326 1563 stadiorum,
1351 1528 1444 1554 uter-

36 1579 97 1612 que
115 1568 259 1601 diversis
277 1569 308 1601 in
328 1570 425 1601 locis.
460 1569 547 1601 Ptin.
566 1572 636 1601 nat.
654 1570 733 1601 lzz'st.
754 1568 804 1609 111,
827 1570 877 1609 19,
900 1569 973 1600 132.

125 1614 178 1655 60)
210 1614 372 1646 Habemus
401 1614 433 1646 in
463 1613 559 1645 Livio
591 1614 802 1656 imperatoris
826 1614 927 1646 verba
950 1611 1156 1654 transfugam
1190 1613 1380 1655 recipientis
1410 1612 1442 1644 in

35 1658 145 1691 fidem:
165 1659 337 1702 „quisquis
356 1669 403 1700 es,
422 1664 536 1691 noster
553 1659 659 1691 eris.“
689 1659 782 1692 Serv.
799 1659 846 1691 acl
862 1659 995 1701 Vergil.
1014 1661 1099 1690 Aen.
1119 1657 1156 1698 ΙΙ,
1180 1658 1249 1689 1-18.

125 1704 178 1744 61)
211 1704 396 1737 Secundum
419 1704 548 1736 Livium
570 1705 672 1745 legati
702 1705 791 1747 paris
822 1705 1058 1736 caduceatores
1081 1703 1248 1735 dicuntur.
1283 1703 1375 1736 Ser-v.
1399 1703 1446 1734 ad

35 1748 144 1792 Verg.
162 1751 249 1782 Aenz
267 1749 332 1790 llll,
351 1750 426 1782 24⁴2.

126 1795 180 1834 62)
206 1794 322 1827 Livius
340 1800 512 1836 argentum
529 1805 633 1836 grave
652 1796 742 1835 dicit,
761 1796 791 1826 id
806 1800 868 1835 est,
887 1805 1024 1827 massas.
1057 1793 1152 1826 Serv.
1169 1793 1215 1825 ad
1231 1793 1340 1835 l''er3·.
1356 1795 1442 1825 Aen.

36 1838 91 1880 Vl,
110 1840 193 1880 862;
212 1839 294 1872 Isid.
315 1840 432 1882 Origg.
452 1838 534 1880 VHI,
554 1841 584 1880 2,
603 1841 655 1871 63.

126 1884 182 1925 63)
209 1884 242 1916 ln
266 1885 326 1916 boc
341 1895 466 1916 summo
492 1885 735 1926 (promontorio
754 1885 904 1923 Circaeo)
929 1885 1080 1926 oppidum
1104 1883 1184 1923 suit,
1210 1884 1293 1925 quod
1319 1888 1351 1915 et
1369 1882 1443 1915 Cir-

36 1939 149 1961 caeum
166 1930 290 1962 dictum
308 1935 358 1962 est
376 1935 409 1961 et
426 1929 566 1962 Circaei.
598 1940 670 1962 nam
688 1935 862 1972 utrumqne.
882 1930 996 1961 Livius
1015 1929 1105 1961 dicit.
1138 1928 1232 1961 Serv.
1250 1928 1297 1960 ad
1309 1928 1442 1971 Vergil.

35 1975 122 2007 Aen.
139 1974 209 2015 VH,
231 1976 279 2006 10.

127 2020 182 2062 64)
208 2020 352 2054 Vitanda
369 2021 602 2066 μακρολογία
625 2020 656 2052 id
676 2025 728 2052 cst
747 2020 877 2061 longior
895 2030 989 2062 quam
1009 2024 1143 2061 oportet
1161 2029 1287 2059 sermo,
1305 2024 1341 2051 nt
1358 2021 1443 2062 apud

36 2064 182 2098 Livium:
206 2066 309 2107 legati
328 2077 390 2098 non
408 2066 584 2108 impetrata
602 2075 680 2109 pace
706 2070 808 2107 retro,
827 2066 910 2097 unde
928 2069 1107 2103 venerant,
1131 2066 1259 2096 domum
1277 2065 1441 2097 abierunt.

39 2111 152 2151 Quint.
176 2112 275 2143 instr.
299 2121 348 2143 or.
368 2110 458 2152 Vlli,
479 2112 514 2149 3,
537 2111 598 2149 53;
622 2111 696 2142 alsi:
720 2111 823 2151 legati
845 2130 863 2133 —
885 2111 1012 2142 reuersi
1033 2115 1127 2150 sunt,
1156 2121 1183 2141 v.
1211 2109 1342 2142 Charis.
1363 2112 1441 2142 inst.

33 2165 183 2198 gramm.
199 2155 248 2195 111,
264 2166 298 2198 ρ.
319 2156 382 2188 242
401 2158 458 2196 Ρ.,·
478 2156 554 2196 271,
578 2157 616 2188 12
635 2156 671 2188 K.

129 2200 183 2239 65>
211 2200 325 2231 Livius
344 2201 402 2240 ait,
421 2201 525 2240 „nihil
543 2206 608 2233 tam
632 2206 781 2233 sanctum
801 2201 962 2241 religione
978 2205 1107 2243 tamque
1127 2201 1276 2232 custodia
1296 2201 1443 2231 clausum

37 2256 100 2287 quo
119 2250 295 2287 penetrare
309 2245 407 2277 libido
423 2248 597 2288 nequeat“.
629 2247 729 2278 Ιοηαι·
748 2248 803 2278 vit.
821 2246 854 2278 S.
871 2245 1070 2278 Colmnbam·
1084 2257 1111 2278 c.
1126 2245 1162 2277 11.
1177 2256 1251 2288 opp.
1269 2245 1378 2277 Bcdae
1391 2244 1442 2277 ed.

39 2290 149 2323 Colon.
169 2289 225 2331 lli,
243 2291 307 2321 200
320 2300 369 2332 sq.

128 2335 184 2375 66)
209 2335 336 2367 Scimus
355 2345 545 2367 concessum
564 2346 637 2367 csse
655 2336 890 2376 scribentibus,
909 2341 944 2367 ut
963 2336 1139 2368 iteratione
1154 2335 1314 2378 prooemii
1333 2334 1444 2375 legen-

38 2379 119 2412 tium
137 2381 287 2412 reficiant
305 2380 468 2412 interdum
487 2381 642 2412 laborem.
679 2392 750 2413 nam
769 2386 802 2412 ct
816 2380 931 2412 Livius
950 2381 1143 2423 frequenter
1167 2381 1303 2411 innovat
1322 2380 1444 2421 princi-

39 2424 109 2467 pia,
134 2429 169 2457 ut
198 2425 329 2457 incensa
354 2436 371 2456 n
397 2424 505 2457 Gallis
534 2426 615 2457 urbe
639 2431 671 2457 ct
705 2426 876 2468 eompletis
906 2426 1107 2457 consulibus.
1143 2425 1235 2457 Serv.
1260 2424 1307 2455 ad
1334 2425 1442 2467 l'ergz

35 2479 124 2512 geor
152 2495 158 2501 .
176 2469 227 2509 m,
249 2471 274 2501 1.

121 2481 186 2556 ὅ67)
213 2515 329 2555 „Sibi“
347 2520 379 2547 ct
393 2517 539 2557 ‚,qnasc“
558 2516 716 2558 scriptum
734 2516 766 2547 in
784 2516 960 2547 multorum
978 2516 1072 2546 libris
1091 2521 1153 2554 cst,
1172 2515 1228 2546 scd
1247 2526 1286 2547 nn
1306 2516 1365 2546 hoe
1387 2525 1443 2545 vo-

38 2559 162 2593 luerint
180 2566 347 2600 auctores,
367 2561 495 2597 nescim
520 2559 557 2592 Τ.
579 2560 707 2593 Livium
726 2561 769 2594 ita
788 2561 837 2592 his
857 2571 949 2593 usum
968 2571 1041 2592 csse
1065 2571 1104 2591 cx
1126 2560 1267 2592 Pediano
1286 2561 1441 2602 compi-ri.

40 2605 178 2645 Quintil.
198 2606 280 2638 [nst.
297 2616 346 2637 or.
366 2605 387 2645 l,
407 2607 437 2645 7,
457 2606 508 2638 24.
