1712 2825
119 680 174 718 21

213 180 291 220 148

616 177 744 211 LIBER
761 178 915 211 XXXX.
963 179 1056 212 CAP.
1076 179 1130 212 20.
1148 178 1204 212 21.

1461 195 1488 213 a.
1509 195 1538 213 u.
1558 188 1621 215 573.

204 293 277 332 per
297 284 497 332 eruperat,
520 280 675 332 ignarus
698 281 826 333 primo
848 293 975 334 neque
996 294 1176 334 magnam
1198 294 1323 334 neque
1343 281 1488 321 nullam
1510 293 1622 333 spem

204 337 372 376 habebat
397 342 546 388 patrem
573 338 649 377 sibi
677 338 818 389 placari
847 351 988 390 posse3
1016 339 1146 379 minus
1175 339 1314 378 deinde
1335 339 1374 378 in
1396 338 1478 378 dies
1500 339 1622 390 patris

155 403 176 436 6
205 394 336 433 animo
365 393 523 440 fidebat,
553 407 641 433 cum
664 394 833 434 obsideri
854 407 965 434 aures
987 409 1006 434 a
1027 396 1147 435 fratre
1169 400 1355 435 cerneret.
1396 395 1525 446 itaque
1546 395 1623 435 cir-

205 450 466 502 cumspiciens
489 450 588 490 dicta
607 451 781 502 factaque
803 463 884 498 sua,
901 463 949 490 ne
965 452 1074 491 cuius
1092 453 1335 504 suspiciones
1352 456 1519 503 augeret,
1535 464 1621 491 ma·
1673 472 1678 474 ἡ

202 507 306 545 xime
333 507 378 546 ab
407 507 514 546 omni
545 507 746 546 mentione
772 513 809 546 et
837 508 1069 559 contagione
1096 508 1364 548 Romanorum
1393 507 1621 555 abstinebat,

203 569 247 602 ut
273 575 398 615 neque
426 563 541 602 scribi
569 564 640 602 sibi
668 564 794 610 vellet,
823 564 1007 615 quiahoc
1027 565 1236 617 praecipue
1256 564 1461 604 criminum
1482 576 1622 616 genere

203 620 423 671 exasperari
445 620 618 659 animum
641 620 844 659 sentiebat.

321 676 540 739 Philippus
564 677 679 716 simul
699 689 748 715 ne
771 677 849 716 otio
868 678 976 716 miles
993 677 1162 716 deterior
1177 678 1297 724 fieret,
1316 677 1431 716 simul
1446 681 1622 717 averten-

204 732 272 772 dae
303 733 538 784 suspicionis
569 746 682 772 causa
714 734 919 785 quicquam
950 747 970 773 a
1000 746 1041 772 se
1073 733 1206 784 agitari
1236 734 1283 773 de
1304 733 1480 773 Romano
1507 732 1620 781 bello,

204 789 348 828 Stobos
371 789 561 828 Paeoniae
582 790 751 829 exercitu
770 790 947 830 indicto
938 803 975 829 in
992 791 1200 830 Maedicam
1218 791 1357 830 ducere
1373 789 1511 842 pergit.
1552 801 1621 829 cu-

201 845 292 898 pido
322 859 411 885 eum
441 852 593 897 ceperat
621 847 661 885 in
692 847 872 886 verticem
905 847 1040 886 Haemi
1072 847 1217 886 montis
1246 846 1500 893 ascendendi,
1534 846 1620 898 quia

201 902 376 952 vulgatae
405 902 580 954 opinioni
602 902 817 942 crediderat
833 903 1039 942 Ponticum
1062 904 1177 943 simul
1198 909 1235 943 et
1255 903 1494 943 Adriaticum
1515 915 1621 942 mare

203 965 241 997 et
262 959 438 997 Histrum
468 971 623 998 amnem
651 964 689 998 et
709 959 824 1011 Alpes
855 960 1031 1011 conspici
1059 973 1196 1011 posse:
1225 960 1395 999 subiecta
1425 959 1546 999 oculis
1576 971 1621 998 ea

202 1015 305 1054 haud
332 1015 440 1066 parvi
468 1015 542 1054 sihi
571 1017 759 1055 momenti
787 1017 915 1056 futura
945 1017 991 1055 ad
1022 1017 1297 1067 cogitationem
1328 1016 1492 1055 Romani
1521 1015 1619 1054 belli.

153 1078 173 1110 3
202 1077 475 1122 percunctatus
497 1072 670 1122 regionis
693 1072 838 1124 peritos
861 1073 908 1112 de
929 1085 1096 1112 ascensu
1118 1073 1270 1121 Haemi,
1299 1085 1386 1112 cum
1407 1073 1500 1111 satis
1520 1072 1621 1111 inter

203 1139 341 1166 omnes
372 1133 568 1167 constaret
588 1129 687 1167 viam
709 1129 894 1168 exercitui
916 1129 1058 1168 nullam
1081 1142 1187 1175 esse,
1217 1129 1350 1180 paucis
1372 1134 1410 1168 et
1429 1128 1619 1180 expeditis

151 1192 173 1223 4
202 1196 273 1236 per
298 1184 568 1224 difficillimum
596 1185 764 1231 aditum,
792 1190 835 1225 ut
861 1197 1044 1225 sermone
1071 1186 1249 1225 familiari
1276 1185 1468 1225 minorem
1496 1185 1618 1224 filium

189 1332 353 1374 fraterni
369 1332 505 1364 sceleris
519 1333 649 1363 scheint
662 1331 721 1363 auf
732 1332 873 1373 conjec-

199 1381 256 1408 tur
274 1388 315 1408 zu
334 1377 497 1417 beruhen,
523 1378 574 1408 die
589 1377 663 1408 Hss.
681 1378 874 1419 habensra-

201 1424 296 1453 terno
311 1422 445 1459 scelere,
459 1432 527 1453 was
538 1423 617 1453 nach
629 1421 740 1463 Gron.‚
753 1423 873 1463 jedoch

200 1467 291 1498 nicht
308 1467 392 1498 ohne
411 1467 530 1506 Hiirte,
554 1468 612 1499 mit
633 1467 721 1509 quod
738 1478 777 1498 zu
795 1478 873 1499 ver-

200 1511 320 1543 binden
353 1513 457 1543 w'zire:
489 1522 609 1544 ausser
633 1522 702 1544 was
729 1513 829 1544 durch
852 1531 874 1535 —

201 1557 350 1589 oll'enbar
374 1558 552 1597 geworden
579 1567 660 1589 war.
678 1576 722 1580 —
738 1569 810 1600 neq.
828 1568 872 1589 m.

198 1613 272 1644 neq.
291 1602 370 1634 null.
388 1613 457 1645 sp.,
477 1613 514 1634 er
532 1604 621 1634 hatte
641 1603 736 1634 keine
755 1613 872 1643 grosse

199 1647 378 1688 Hoffnung,
398 1657 468 1678 war
484 1648 564 1679 aber
582 1648 662 1679 auch
683 1648 770 1680 nicht
787 1658 872 1688 ganz

199 1692 441 1733 hoffnungslos.
457 1712 499 1716 —
513 1693 618 1724 obsid.
634 1704 722 1733 auin,
740 1694 804 1734 vgl.
821 1693 872 1735 24,

200 1738 232 1776 4,
252 1738 287 1768 4:
307 1740 529 1770 circumsesso
548 1738 766 1770 muliebribus
782 1738 874 1770 blan-

201 1782 312 1822 ditiis3
340 1793 380 1814 zu
404 1794 508 1815 aures
531 1783 617 1815 kann
643 1786 715 1815 eius
732 1784 874 1824 gedacht

200 1829 350 1868 werden,
369 1828 450 1859 doch
469 1839 572 1861 verm.
592 1828 696 1860 Gron.
715 1831 811 1861 cm‘us
829 1833 872 1860 st.

202 1884 290 1905 cum.
313 1891 357 1896 —
379 1875 420 1905 ab
445 1876 552 1914 omni,
581 1874 642 1913 39,
666 1874 726 1913 25,
756 1874 806 1905 10.
830 1892 875 1897 —

202 1920 378 1956 mention„
405 1929 431 1949 s.
451 1929 477 1949 c.
497 1919 531 1960 5,
556 1919 593 1956 73
623 1919 683 1959 39,
702 1918 760 1957 53,
781 1919 811 1949 9.
831 1937 872 1941 -

201 1966 355 2004 contag.,
384 1973 447 1993 von
472 1963 718 1994 ansteckenden
743 1962 874 1994 lirank-

202 2008 313 2039 heiten
333 2008 499 2047 entlehnt,
518 2008 577 2045 39,
598 2010 629 2048 9,
651 2008 678 2038 1.
698 2026 735 2030 ——
757 2019 873 2050 neque,

203 2064 229 2084 Β.
247 2052 299 2089 38,
319 2052 371 2091 23,
391 2052 428 2091 33
449 2052 490 2083 ib.
506 2052 558 2091 44,
573 2053 603 2083 (i.
618 2070 661 2075 —
675 2053 786 2093 scribi,
806 2053 872 2092 vgl.

203 2107 243 2129 zu
271 2097 331 2136 39,
361 2097 420 2137 48,
450 2098 478 2128 1.
502 2114 546 2120 —
568 2100 736 2137 animum,
766 2099 874 2129 wahr-

203 2142 341 2174 scbcinl.
377 2142 420 2173 ist
450 2143 528 2173 nach
559 2143 686 2182 einigen
718 2143 873 2184 spiitcren

203 2187 280 2219 Hss.
294 2189 407 2230 patri:
424 2192 627 2218 zuzusetzen
647 2188 728 2219 oder
740 2190 874 2220 animos

203 2243 244 2264 zu
265 2232 366 2264 lesen.

248 2271 318 2309 21.
347 2277 429 2308 1-2.
463 2280 567 2320 quicq.
587 2297 606 2300 Ἀ
624 2281 753 2319 agitari
775 2279 875 2318 liiingt

204 2334 268 2354 vnn
294 2323 365 2354 dein
390 2322 420 2354 in
446 2323 648 2354 avertendae
672 2325 876 2366 suspicionis

205 2368 380 2408 liogenden
393 2368 548 2407 Regi-iffa:
563 2379 604 2399 ne
617 2371 877 2411 suspirarmitur

203 2414 255 2453 ab,
276 2413 341 2452 vgl.
358 2412 411 2453 35,
434 2413 483 2451 14,
502 2413 532 2444 3.
549 2432 586 2435 ν-
604 2412 738 2453 Stobos,
755 2415 806 2452 39,
823 2414 874 2456 53,

208 2459 246 2489 15
256 2457 277 2489 f.
295 2476 338 2481 —
358 2458 539 2499 Paeoniae,
564 2469 590 2490 s.
611 2469 637 2489 c.
657 2459 688 2496 3,
711 2459 741 2490 3.
760 2477 803 2481 —
821 2461 873 2490 ite-

203 2503 311 2542 dieto,
337 2503 396 2543 22,
426 2503 481 2542 11,
505 2504 536 2534 3.
554 2521 599 2526 —
619 2503 773 2543 Maudio„
800 2515 825 2535 s.
846 2515 872 2535 c.

205 2548 266 2587 22,
295 2549 321 2579 1.
340 2566 377 2571 —
400 2549 562 2589 llaemns,
586 2550 646 2580 dor
662 2559 780 2589 grosse
801 2549 875 2579 Bal-

204 2593 280 2624 kan.
302 2612 331 2615 ›—
360 2593 530 2635 vulgatae,
556 2594 675 2626 Strabo
696 2595 731 2635 7,
752 2595 786 2635 5,
810 2594 818 2625 l
843 2605 872 2636 p.

947 1332 1030 1364 313:
1061 1327 1191 1376 Αἶμον
1216 1329 1304 1375 οόος
1326 1351 1349 1355 -
1372 1328 1618 1383 ὑψηλότατον,

945 1378 1071 1430 μέση)
1089 1388 1168 1413 πως
1186 1365 1358 1429 διαιροῦν
1375 1375 1442 1419 τὴν
1462 1373 1619 1420 Θρᾴκην,

949 1419 1000 1466 ἂι]
1027 1422 1070 1454 οὑ
1093 1431 1185 1466 φησι
1208 1419 1225 1453 ὁ
1248 1419 1435 1464 Πολύβιος
1458 1424 1529 1463 (aus
1547 1423 1621 1454 dem

946 1469 1027 1499 auch
1053 1467 1088 1499 L.
1113 1469 1165 1499 die
1185 1468 1377 1508 Erzahlung
1401 1469 1468 1508 hat)
1494 1464 1622 1521 ἀμφο-

946 1513 1053 1565 τέρας
1069 1514 1311 1555 καθορᾶσθαι
1338 1511 1403 1549 τὰς
1426 1513 1621 1554 θαλαττας,

948 1554 1013 1589 οὐκ
1032 1555 1152 1599 ἀλη9ἧ
1170 1558 1301 1610 λέγων·
1320 1558 1380 1589 καὶ
1398 1556 1470 1612 μὰρ
1485 1556 1526 1591 τὸ
1540 1555 1622 1590 διά-

948 1613 1069 1647 στηαα
1091 1603 1164 1647 αέγ
1156 1614 1191 1635 α
1215 1601 1254 1634 τὸ
1280 1600 1373 1645 πρὸς
1389 1600 1453 1636 τὸν
1471 1601 1622 1646 Ἀδρίαν

947 1653 1028 1688 etc.;
1057 1648 1165 1690 Pomp.
1188 1648 1273 1680 Mela
1293 1648 1328 1686 2,
1356 1648 1392 1679 2:
1418 1649 1565 1682 Haemus
1586 1650 1621 1680 in

948 1697 1002 1726 tan
1009 1697 1081 1725 tum
1094 1694 1283 1726 altitudi'ms
1296 1694 1376 1733 abit,
1395 1696 1434 1726 ut
1446 1693 1621 1726 Eia-riuum

947 1742 980 1771 et
994 1739 1138 1771 Acir-iam
1153 1751 1198 1771 ea·
1215 1750 1347 1771 summo
1364 1741 1488 1771 vertice
1505 1742 1619 1771 osten-

946 1784 1015 1817 dat.
1033 1803 1078 1807 —
1095 1784 1270 1825 credider„
1295 1783 1326 1825 2,
1353 1784 1404 1823 18,
1427 1784 1459 1816 9.
1476 1802 1521 1808 —
1543 1794 1620 1816 mo-

947 1832 1054 1861 menti
1064 1829 1116 1872 ad,
1135 1829 1186 1871 24,
1207 1829 1260 1869 28,
1278 1830 1315 1868 73
1336 1828 1503 1872 Philippus
1517 1829 1620 1862 denkt

947 1886 987 1906 an
1003 1876 1098 1906 einen
1112 1875 1246 1914 Angriff
1255 1884 1327 1905 vom
1338 1873 1470 1905 Norden
1481 1874 1618 1906 Italicus

949 1921 1018 1960 her,
1034 1930 1059 1950 s.
1075 1919 1096 1960 ξ
1111 1920 1127 1949 7
1140 1930 1148 1958 ;
1163 1930 1190 1950 c..
1207 1919 1260 1959 57,
1276 1919 1306 1959 7,
1323 1917 1375 1950 fiir
1389 1919 1533 1951 welchen
1549 1920 1618 1951 sich

947 1974 983 1995 so
1003 1966 1062 1995 der
1080 1963 1168 2003 weg
1186 1964 1292 1995 finden
1311 1964 1421 1995 lassen
1441 1965 1562 1997 werde.

993 2009 1080 2041 3-(3.
1103 2011 1242 2041 arm-eit.
1257 2011 1352 2051 riam,
1368 2009 1434 2049 vgl.
1446 2009 1499 2050 21,
1515 2009 1570 2052 30,
1585 2010 1617 2041 7.

946 2073 991 2078 —-
1006 2065 1068 2098 per
1085 2054 1193 2096 diffie.
1212 2054 1264 2086 ad.
1287 2066 1317 2085 n.
1336 2056 1426 2086 viam
1445 2066 1530 2096 esso,
1548 2055 1616 2096 vgl.

948 2099 1002 2138 24,
1028 2099 1080 2140 20,
1108 2100 1162 2138 163
1189 2110 1225 2130 so
1250 2100 1352 2131 findet
1374 2100 1442 2131 sich
1465 2111 1529 2144 per
1551 2110 1617 2132 von

947 2145 1005 2186 dis
1027 2156 1053 2176 c.
1082 2149 1239 2184 getrennt
1266 2145 1296 2176 in
1327 2145 1416 2176 alten
1440 2145 1617 2186 Ausgaben

948 2191 1011 2221 und
1031 2190 1081 2221 bei
1097 2190 1256 2231 Gronov.‚
1276 2190 1407 2221 Andere
1426 2190 1519 2222 lesen
1536 2201 1616 2234 per-

947 2235 1199 2277 dg‘l'ficillimmn,
1217 2236 1290 2267 eine
1310 2235 1457 2276 Bilduug‚
1475 2235 1527 2267 die
1545 2236 1616 2268 sich

949 2281 1034 2311 wolil
1067 2281 1236 2312 bisweilen
1268 2281 1386 2322 findet,
1416 2290 1443 2312 s.
1474 2280 1556 2313 Plin.
1583 2280 1614 2322 2,

949 2326 1005 2366 54,
1044 2326 1123 2364 1433
1155 2327 1194 2357 nd
1222 2326 1364 2357 Herenn.
1396 2325 1433 2366 4,
1464 2325 1521 2366 32,
1554 2325 1614 2358 44:

946 2371 1225 2414 perpolitissime,
1245 2382 1270 2403 s.
1290 2371 1349 2409 41,
1370 2370 1429 2411 23,
1449 2369 1488 2409 ὃς
1508 2370 1612 2403 Hand.

949 2415 1048 2447 ‘rm-s.
1072 2415 1102 2453 3,
1127 2417 1210 2454 5903
1245 2415 1358 2456 Reisig
1375 2415 1509 2447 Vorles.
1536 2414 1612 2455 406,

949 2461 1029 2491 abor
1070 2460 1259 2492 bnzweiselt
1303 2461 1385 2492 wird
1426 2461 1489 2492 und
1524 2460 1615 2501 jetzt

947 2516 986 2536 an
1007 2507 1066 2536 dvn
1087 2507 1225 2537 nwisten
1241 2506 1368 2537 Stellen
1387 2504 1611 2545 entierntist3

948 2550 1049 2581 (zu-nn.
1080 2562 1182 2582 νυῐῚιι.
1210 2562 1271 2594 pm·
1306 2550 1530 2593 d'ssfiffl'mmssi
1561 2560 1613 2583 am

947 2595 1150 2627 cinsacbstcn
1171 2597 1261 2628 wiire
1275 2596 1515 2639 difficillimum
1529 2595 1612 2628 ohne
