1712 2825
220 181 301 221 306
470 176 713 209 PERIOCHAE
738 176 960 208 LIBRORUM
984 172 1368 206 Lxxxxvml-cm,

700 276 764 308 EX
780 274 857 307 LIB.
875 273 1143 307 LXXXXVIIII.

311 332 349 374 Q.
367 331 526 364 Metellus
547 330 727 373 proconsul
745 329 874 361 Cnoson
899 334 932 360 et
949 328 1092 371 Lyctum
1114 332 1148 358 et
1165 325 1345 369 Cydoniam
1364 330 1398 357 et
1414 325 1498 357 alias
1515 325 1620 368 pluri-

219 388 289 410 mas
306 377 406 409 urbes
424 376 638 419 expugnavit.
667 375 704 406 L.
720 374 860 406 Roscius
877 374 1032 405 tribunus
1050 372 1155 415 plebis
1172 371 1280 411 legem
1297 371 1385 409 tulit,
1403 375 1439 402 ut
1456 370 1618 412 equitibus

219 423 374 455 Romanis
405 422 437 452 in
471 422 603 453 theatro
627 419 718 452 XIIII
743 420 865 461 gradus
889 418 1032 461 proximi
1056 417 1322 458 adsignarentur.
1363 415 1420 447 Cn.
1444 414 1618 457 Pompeius

217 468 291 509 lege
320 468 361 499 ad
384 467 540 509 populum
561 466 630 497 lata
653 464 807 506 persequi
830 464 958 506 piratas
982 463 1091 495 iussus
1107 487 1115 502 ,
1138 462 1193 503 qui
1216 460 1449 493 commercium
1470 470 1618 492 annonae

218 513 496 551 intercluserunt,
520 512 609 543 intra
632 509 916 552 quadragesimum
935 508 1018 539 diem
1036 513 1107 540 toto
1125 507 1209 538 mari
1225 516 1282 538 eos
1301 505 1444 547 expulit,
1462 505 1618 547 belloque

218 568 291 590 cum
315 557 363 589 eis
386 557 419 588 in
437 556 556 600 Cilicia
579 554 729 587 confecto
755 554 899 596 acceptis
923 554 957 584 in
985 553 1185 585 deditionem
1208 552 1327 594 piratis
1345 561 1443 592 agros
1468 555 1501 582 et
1517 550 1617 582 urbes

218 603 317 634 dedit.
350 606 523 644 praeterea
548 611 602 632 res
627 605 738 641 gestas
763 609 781 630 a
809 599 845 640 Q.
871 598 1009 630 Metello
1033 599 1195 630 adversus
1213 596 1389 628 Cretenses
1413 595 1562 627 continet
1584 600 1618 627 et

217 647 376 690 epistolas
400 646 528 678 Metelli
557 650 590 677 et
614 645 671 676 Cn.
694 644 830 685 Pompei
860 644 892 675 iu
923 644 1031 675 vicem
1054 643 1183 674 missas.
1224 641 1374 684 queritur
1397 640 1435 682 Q.
1461 639 1617 672 Metellus

217 692 359 733 gloriam
383 691 447 722 sibi
469 701 579 722 rerum
603 700 622 721 a
645 700 680 721 se
703 694 872 730 gestarum
889 699 908 720 a
926 688 1079 730 Pompeio
1097 687 1262 729 praeripi,
1287 686 1342 728 qui
1357 685 1391 716 in
1409 685 1541 717 Cretam
1557 685 1619 717 mi-

218 737 301 769 serit
323 737 468 777 legatum
487 746 581 767 suum
598 735 638 766 ad
656 734 864 775 accipiendas
882 734 1015 765 urbium
1032 733 1227 764 deditiones.
1261 730 1437 773 Pompeius
1454 730 1618 763 rationem

219 781 330 813 reddit
345 781 406 812 hoc
424 791 459 812 se
476 780 588 812 facere
606 780 772 811 debuisse.

818 858 878 890 EX
894 857 971 889 LIB.
991 858 1026 889 C.

308 913 342 945 C.
361 913 505 946 Manlius
524 914 677 945 tribunus
695 913 801 954 plebis
819 923 935 954 magna
954 913 1184 954 indignatione
1202 911 1390 943 nobilitatis
1406 910 1512 951 legem
1527 909 1618 950 tulit,

216 965 251 992 ut
268 958 421 1001 Pompeio
440 958 706 990 Mithridaticum
729 957 850 989 bellum
873 958 1097 990 mandaretur.
1131 957 1241 989 contio
1266 957 1336 988 eius
1360 956 1456 987 bona.
1491 954 1529 997 Ω.
1548 954 1619 986 Me-

216 1004 316 1037 tellus
348 1003 544 1045 perdomitis
569 1002 784 1034 Cretensibus
812 1003 940 1034 liberae
971 1002 1003 1033 in
1033 1003 1066 1033 id
1096 1007 1224 1044 tempus
1249 1001 1377 1033 insulae
1399 1000 1490 1041 leges
1513 999 1615 1032 dedit.

217 1049 273 1080 Cn.
300 1049 475 1090 Pompeius
507 1049 547 1079 ad
579 1048 759 1088 gerendum
780 1048 906 1079 bellum
928 1048 1090 1079 adversus
1114 1046 1331 1078 Mithridaten
1352 1044 1522 1086 profectus
1546 1054 1617 1076 cum

216 1104 293 1135 rege
316 1093 516 1126 Parthorum
540 1093 682 1124 Phraate
703 1092 882 1125 amicitiam
906 1093 1091 1124 renovavit.
1128 1092 1274 1134 equestri
1297 1089 1424 1133 proelio
1442 1088 1619 1121 Mithrida-

216 1144 272 1171 ten
295 1139 387 1170 vicit.
421 1144 595 1181 praeterea
621 1138 741 1168 bellum
766 1138 853 1169 inter
869 1137 1034 1169 Phraaten
1059 1147 1170 1179 regem
1188 1136 1385 1168 Parthorum
1403 1140 1436 1167 et
1452 1134 1619 1176 Tigranen

216 1184 467 1223 Armeniorum,
491 1194 529 1215 ac
552 1183 669 1215 deinde
691 1183 779 1215 inter
802 1183 906 1215 filium
924 1182 1091 1224 Tigranen
1108 1187 1299 1224 patremque
1316 1185 1445 1222 gestum
1462 1179 1617 1212 continet.

809 1263 869 1295 EX
887 1262 963 1294 LIB.
983 1262 1032 1294 CI.

306 1317 363 1348 Cn.
389 1316 561 1359 Pompeius
579 1316 796 1348 Mithridaten
822 1321 982 1348 nocturno
1007 1316 1134 1358 proelio
1159 1316 1283 1347 victum
1309 1314 1420 1355 coegit
1437 1313 1618 1355 Bosporum

217 1361 403 1403 profugere.
434 1362 601 1403 Tigranen
620 1363 652 1393 in
671 1363 874 1394 deditionem
892 1362 1018 1403 accepit
1033 1362 1127 1403 eique
1141 1360 1299 1402 ademptis
1314 1359 1425 1402 Syria,
1443 1357 1617 1399 Phoenice,

216 1405 332 1436 Cilicio
351 1416 487 1446 regnum
506 1406 682 1438 Armeniae
699 1407 861 1438 restituit.
895 1406 1079 1437 coniuratio
1096 1415 1221 1445 eorum,
1240 1404 1294 1446 qui
1313 1404 1344 1435 in
1363 1402 1523 1445 petitione
1539 1413 1616 1434 con-

216 1450 343 1481 sulatus
368 1451 509 1482 ambitus
533 1452 678 1482 damnati
696 1456 808 1489 erant,
833 1451 919 1482 faeta
936 1451 975 1482 de
993 1450 1230 1482 interficiendis
1249 1448 1439 1480 consulibus
1458 1448 1615 1490 obpressa

215 1499 278 1526 est.
313 1493 368 1524 Cn·
388 1493 559 1538 Pompeius
583 1508 654 1527 cum
673 1496 888 1528 Mithridaten
914 1500 1186 1538 persequeretur,
1210 1496 1241 1525 in
1268 1494 1402 1525 ultimas
1420 1493 1616 1534 ignotasque

215 1543 331 1579 gentes
349 1542 552 1580 penetravitg
578 1542 719 1573 Hiberos
738 1541 968 1583 Albanosque,
993 1541 1045 1583 qui
1063 1540 1240 1572 transitum
1260 1549 1323 1569 uon
1341 1538 1471 1577 dabant,
1490 1537 1614 1580 proelio

217 1583 308 1614 vicit.
342 1587 516 1624 praeterea
541 1586 647 1624 sugam
665 1586 870 1618 Mithridatis
895 1596 952 1628 per
970 1586 1111 1617 Colchos
1130 1585 1378 1626 Heniochosque
1395 1588 1428 1615 et
1446 1592 1500 1614 res
1518 1582 1558 1614 ab
1575 1592 1614 1614 eo

215 1629 245 1659 in
264 1628 411 1669 Bosporo
430 1633 542 1667 gestas
561 1631 716 1663 continet,

798 1699 858 1731 Ex
879 1698 954 1730 LlB.
974 1698 1038 1730 Cll.

306 1750 363 1780 Cn.
383 1748 556 1790 Pompeius
576 1748 607 1778 in
627 1748 817 1788 {rovinciac
836 1751 970 1783 formam
988 1751 1127 1784 Pontum
1147 1751 1287 1791 redegit.
1320 1748 1507 1781 Pharnaces
1524 1748 1612 1780 filius

216 1794 421 1826 Mithridatis
446 1793 565 1824 bellum
591 1793 677 1834 patri
702 1793 825 1824 intulit.
861 1794 899 1823 al)
917 1806 953 1824 eu
972 1796 1187 1828 Mithridates
1207 1796 1362 1827 obsessus
1381 1795 1412 1826 in
1431 1794 1523 1835 regia
1541 1803 1613 1825 cum

215 1849 340 1870 veneno
364 1843 492 1880 sumpto
519 1848 631 1879 parum
658 1837 854 1879 profecisset
879 1837 919 1868 ad
944 1846 1097 1877 moi-tom,
1121 1852 1138 1873 a
1164 1841 1269 1873 milit(-
1289 1839 1386 1871 Gallo
1412 1839 1541 1871 nomine
1559 1838 1613 1870 Bi-

213 1889 305 1922 toco,
330 1894 346 1914 a
372 1895 450 1925 quo,
478 1888 510 1914 ut
536 1883 710 1914 adiuvaret
729 1893 780 1915 se.
806 1882 963 1923 petierat,
991 1883 1183 1917 interiectus
1202 1891 1262 1917 est.
1297 1886 1352 1916 Cn.
1373 1883 1544 1926 PoinpeIus
1561 1882 1613 1915 lu-

212 1929 312 1959 daeos
330 1928 477 1967 subegit:
502 1927 609 1958 l'anuin
627 1938 741 1958 eorum
761 1927 1009 1969 llierosolyina.
1035 1929 1226 1960 inviolatum
1245 1931 1282 1961 ad
1303 1931 1332 1961 id
1351 1935 1495 1971 teinpus,
1513 1927 1610 1969 cepit.

212 1972 248 2003 L.
264 1973 418 2009 Catilina,
438 1972 487 2003 his
506 1973 670 2014 repulsam
691 1973 721 2003 in
742 1972 900 2014 petitione
919 1972 1111 2003 consulatus
1131 1984 1257 2014 passus.
1276 1985 1345 2004 cuin
1361 1973 1501 2006 Lentulo
1514 1982 1610 2014 prae-

211 2022 286 2048 tore
309 2021 341 2047 et
360 2018 504 2057 Cethego
523 2023 556 2048 et
573 2017 787 2059 conpluribus
806 2017 882 2047 aliis
899 2017 1088 2048 coniuravit
1107 2018 1145 2047 de
1164 2019 1261 2049 caede
1279 2019 1447 2049 consulum
1465 2022 1498 2049 et
1515 2026 1610 2048 sena-

211 2067 279 2100 tus,
306 2061 467 2093 incendiis
493 2062 581 2091 urbis
606 2067 636 2092 et
658 2062 870 2103 olipriuieuda
889 2072 924 2091 re
943 2062 1087 2103 publica,
1111 2061 1260 2092 exercitu
1279 2072 1405 2104 qunque
1425 2062 1456 2092 iu
1475 2061 1608 2093 Etruria

211 2111 401 2147 conparato.
436 2116 472 2136 ea
498 2106 681 2137 coniuratio
707 2106 870 2136 industria
892 2105 932 2135 M.
952 2105 1042 2136 Tulli
1060 2105 1231 2136 Ciceronis
1256 2110 1350 2136 cruia
1369 2111 1430 2138 est.
1466 2105 1608 2138 Catilina

211 2151 292 2182 urbe
312 2151 404 2193 pulso
423 2151 462 2181 de
481 2150 618 2192 reliquis
637 2151 822 2181 coniuratis
841 2150 1036 2191 supplicium
1056 2155 1216 2192 sumptum
1235 2155 1297 2182 est.

788 2229 842 2260 Ex
866 2229 938 2260 Lm.
959 2229 1035 2260 Clll.

299 2285 443 2315 Catilina
467 2295 483 2315 a
503 2285 536 2315 C.
560 2284 698 2315 Antonio
719 2284 914 2325 proconsule
932 2295 1002 2314 euin
1021 2285 1170 2315 exercitu
1190 2294 1307 2315 caesus
1322 2288 1382 2315 est.
1418 2282 1450 2314 Ρ.
1470 2282 1605 2315 Clodius

208 2334 400 2364 aceiisatus„
426 2330 509 2371 quod
538 2330 568 2360 in
593 2329 701 2359 habitu
723 2329 868 2359 mulieris
888 2328 917 2358 in
936 2330 1134 2365 sacrarium,
1159 2340 1220 2370 quo
1241 2329 1346 2360 xii-uni
1368 2329 1494 2360 intrare
1513 2326 1604 2360 nefas

207 2379 272 2413 est,
298 2375 380 2405 elain
407 2375 561 2405 intrasset
582 2379 614 2405 ct
634 2384 768 2404 uxorem
789 2374 919 2403 maximi
940 2374 1104 2415 pontilicis·
1124 2379 1325 2416 stuprasset,
1349 2373 1521 2404 absolutus
1539 2377 1603 2405 est.

207 2420 242 2450 C.
266 2418 423 2450 l'oulinus
449 2425 582 2461 praetor
610 2419 824 2457 Allobrogas,
856 2419 909 2459 qui
937 2420 1199 2455 1·‹=b‹·11.-1x·‹·r.‹nu‚
1230 2420 1267 2449 ad
1292 2419 1444 2449 Solonem
1469 2417 1603 2450 domuit.

209 2463 240 2495 l’.
259 2464 402 2503 Clodius
417 2466 454 2494 nd
476 2465 598 2505 pla-hen·
618 2463 762 2495 transiit.
799 2464 832 2493 C.
854 2465 976 2494 Caesar
995 2464 1173 2495 Lusitanos
1192 2463 1337 2503 sulii-giu
1361 2474 1464 2505 eoque
1481 2472 1601 2493 consu-

209 2509 294 2539 latus
318 2509 492 2540 catulidato
517 2514 545 2540 el
573 2513 725 2550 captante
750 2519 815 2539 rein
843 2508 1002 2548 publicani
1030 2510 1186 2540 inuadere
1205 2508 1407 2550 conspiratio
1427 2508 1512 2539 inter
1529 2511 1598 2538 tres

206 2554 352 2585 civitatis
378 2554 538 2595 principes
564 2554 648 2585 sacta
673 2559 739 2589 est,
771 2554 827 2584 Cu.
856 2552 1056 2594 l'oinpeiuui.
1089 2554 1128 2584 Μ.
1155 2554 1326 2591 Crassum,
1353 2554 1386 2584 C.
1411 2553 1596 2584 Caesarem.
