1712 2825
124 1421 163 1454 10

123 1594 159 1626 11

197 178 278 218 218
634 178 760 212 LIBER
783 179 948 212 xxxxi.
997 181 1090 212 CAP.
1118 181 1149 212 2.

195 280 273 320 tina
293 286 439 320 texerat
460 282 676 333 inceptum,
707 295 779 334 qua
807 282 996 321 dilabente
1023 283 1068 322 ad
1098 283 1267 334 primum
1296 287 1472 333 teporem
1502 282 1595 322 solis
1656 262 1671 322 .⁷

195 338 398 389 perlucens
433 339 507 377 iam
544 339 702 390 aliquid,
737 340 881 378 incerta
915 345 1063 386 tamen,
1094 345 1140 379 ut
1173 339 1290 386 solet,
1326 339 1390 379 lux
1427 338 1662 391 speciem·,‚3

198 394 375 434 omnium
402 395 652 446 multiplicem
686 396 849 435 intuenti
884 396 1070 445 reddens,
1105 402 1185 435 tum
1224 408 1379 448 quoque
1412 396 1615 436 frustrata
1650 394 1661 447 j·

196 450 408 499 Romanos,
430 453 552 492 multo
576 453 762 492 maiorem
785 452 844 499 iis,
867 464 983 504 quam
1005 458 1096 499 erat,
1120 453 1291 492 hostium
1314 453 1435 492 aciem
1459 457 1596 492 osten-

197 508 262 548 dit.
305 521 377 560 qua
397 509 520 548 territi
540 510 743 560 utriusque
766 509 944 548 stationis
967 510 1107 548 milites
1135 510 1280 560 ingenti
1308 509 1475 549 tumultu
1505 521 1594 548 cum

196 565 237 604 in
258 571 381 605 castra
403 566 681 617 confugissent,
707 565 807 605 haud
841 566 954 617 paulo
982 566 1034 605 ibi
1061 566 1166 617 plus,
1193 579 1307 617 quam
1337 566 1439 618 quod
1462 578 1594 605 secum

194 621 270 674 ipsi
291 623 517 669 adtulerant,
536 623 696 661 terroris
717 623 902 662 fecerunt.
943 635 1033 662 nam
1054 635 1180 674 neque
1201 623 1338 670 dicere,
1359 622 1450 674 quid
1469 622 1594 674 fugis·
1645 632 1654 679 μ’

196 684 294 726 sent,
317 691 386 719 nec
407 679 746 731 percunctantibus
774 679 934 719 reddere
960 692 1196 731 responsum
1223 685 1419 731 poterant3
1445 685 1484 719 et
1511 679 1592 719 cla-

193 748 282 775 mor
303 737 341 775 in
364 737 501 788 portis,
523 742 565 776 ut
584 736 650 775 ubi
665 736 768 776 nulla
784 742 888 775 esset
905 737 1032 784 statio,
1055 749 1151 788 quae
1167 737 1378 776 sustineret
1392 737 1593 788 impetum,

194 792 438 840 audiebatur,
474 798 511 832 et
539 795 784 833 concursatio
820 793 859 832 in
887 793 1054 833 obscuro
1084 793 1334 833 incidentium
1363 793 1526 832 aliorum
1553 793 1594 832 in

194 849 289 889 alios
318 850 507 889 incertum
536 849 695 898 fecerat,
725 862 773 888 an
801 850 927 889 hostis
964 851 1062 889 intra
1097 850 1233 890 vallum
1263 855 1376 889 esset.
1423 862 1501 889 una
1520 861 1595 888 vox

193 906 419 947 audiebatur
439 907 484 946 ad
508 919 612 946 mare
633 908 868 955 vocantium,
897 907 933 946 id
953 907 1054 946 forte
1074 912 1218 946 temere
1238 907 1283 946 ab
1304 919 1384 946 uno
1407 907 1594 946 exclama-

195 968 276 1002 tum
304 964 396 1002 totis
426 963 570 1015 passim
601 964 839 1015 personabat
866 964 1014 1003 castris.
1064 964 1193 1016 itaque
1221 964 1349 1016 primo
1377 963 1480 1003 velut
1497 962 1596 1002 iussi

194 1020 230 1058 id
252 1020 378 1059 facere
399 1020 524 1071 pauci,
548 1021 683 1060 armati
706 1020 784 1067 alii,
806 1021 929 1059 maior
950 1033 1040 1072 pars
1063 1021 1242 1067 inermes,
1264 1021 1310 1060 ad
1333 1032 1437 1059 mare
1457 1020 1594 1059 decur-

192 1082 295 1123 runt,
317 1077 403 1116 dein
427 1077 578 1129 plures,
610 1082 810 1128 postremo
835 1090 959 1128 prope
981 1089 1134 1126 omnes,
1167 1083 1204 1116 et
1223 1078 1307 1128 ipse
1329 1076 1482 1121 consul,
1505 1088 1593 1115 cum

190 1133 334 1173 frustra
364 1146 544 1173 revocare
570 1134 760 1184 fugientes
791 1140 952 1173 conatus
981 1146 1053 1173 nec
1079 1134 1244 1185 imperio
1273 1146 1344 1173 nec
1370 1133 1596 1172 auctoritate
1651 1179 1654 1183 ⁴

191 1202 264 1230 nec
284 1190 462 1242 precibus
485 1191 531 1229 ad
553 1197 767 1230 extremum
791 1191 982 1230 valuisset.
1021 1202 1123 1230 unus
1146 1190 1334 1230 remansit
1353 1191 1400 1229 M.
1423 1189 1594 1229 Licinius

192 1246 345 1294 Strabo,
374 1248 555 1287 tribunus
583 1248 748 1287 militum
770 1248 902 1287 tertiae
922 1247 1102 1298 legionis,
1131 1260 1219 1287 cum
1248 1247 1373 1286 tribus
1395 1246 1515 1297 signis
1544 1245 1593 1286 ab
1655 1263 1659 1266 ’

190 1303 341 1355 legione
369 1317 439 1344 sua
467 1305 633 1344 relictus.
680 1305 783 1343 hunc
809 1305 848 1343 in
878 1317 996 1343 vacua
1025 1310 1124 1343 catra
1156 1305 1303 1356 impetu
1329 1303 1430 1343 facto
1461 1302 1594 1350 Histri,

192 1373 280 1400 cum
301 1361 397 1400 alius
419 1366 589 1401 armatus
611 1361 656 1400 iis
677 1373 794 1400 nemo
817 1361 966 1400 obviam
988 1361 1093 1407 isset,
1122 1361 1161 1400 in
1182 1361 1375 1412 praetorio
1397 1360 1595 1399 instruen-

191 1422 269 1456 tem
299 1422 414 1468 atque
441 1418 710 1457 adhortantem
748 1430 840 1456 suos
871 1418 1162 1468 obpresserunt.
1203 1417 1393 1469 proelium
1423 1412 1592 1456 atrocius

191 1486 306 1525 quam
328 1487 399 1526 pro
422 1475 611 1526 paucitate
632 1475 895 1514 resistentium
917 1475 1001 1520 fuit,
1022 1486 1095 1514 nec
1110 1479 1196 1513 ante
1213 1475 1363 1513 finitum
1385 1479 1455 1518 est,
1478 1485 1592 1524 quam

190 1530 368 1571 tribunus
390 1532 557 1570 militum
580 1531 720 1583 quique
749 1531 846 1570 circa
876 1544 962 1570 cum
993 1531 1249 1570 constiterant
1275 1530 1465 1569 interfecti
1489 1533 1591 1568 sunt.

192 1589 386 1640 praetorio
409 1588 568 1634 deiecto,
592 1588 824 1640 direptisque
845 1600 940 1639 qnae
968 1587 1019 1627 ibi
1041 1588 1217 1634 fuerunt,
1247 1587 1293 1626 ad
1315 1586 1593 1638 quaestorium,

1429 196 1455 215 a.
1476 197 1504 216 u.
1524 189 1589 217 576.
1646 187 1667 211 ‘'-

191 1701 367 1744 perlucens
383 1719 406 1724 -
422 1701 568 1741 incerta,
592 1699 658 1740 vgl.
683 1699 736 1739 22,
761 1700 792 1740 4,
816 1700 856 1738 43

192 1747 245 1786 24,
263 1746 316 1787 21,
336 1747 370 1777 7:
395 1748 462 1778 iam
487 1748 632 1779 obscura
655 1745 735 1778 luce.
754 1764 776 1768 -
792 1745 856 1777 ali—

191 1791 278 1833 quid,
296 1792 570 1832 einigermassen,
588 1791 642 1830 21,
663 1790 715 1830 12,
741 1791 776 1829 4;
802 1790 856 1831 37,

191 1836 244 1878 26,
263 1837 294 1869 4.
311 1855 356 1860 -
371 1839 526 1876 intuenti,
545 1836 598 1878 33,
616 1837 669 1876 47,
696 1837 729 1868 7:
754 1847 855 1879 quae-

191 1884 358 1921 rentt'bus3
378 1883 430 1923 31,
449 1882 503 1923 42,
522 1882 554 1914 8.

236 1927 348 1959 5-10.
374 1939 474 1970 quam
490 1927 586 1970 quod,
611 1927 678 1966 vgl.
697 1926 749 1965 2¹5,
768 1928 798 1967 o,
823 1926 853 1958 6.

192 1991 235 1995 —
252 1982 417 2013 concurs„
436 1974 498 2004 wie
523 1973 554 2013 4,
579 1972 610 2011 6,
636 1973 691 2002 10:
716 1981 856 2003 concur-

192 2028 271 2049 sare
287 2019 320 2049 ιή
330 2019 433 2060 soro,
451 2018 571 2049 anders
589 2016 643 2056 31,
663 2017 717 2055 35,
734 2018 753 2047 6
772 2028 801 2048 u.
825 2027 853 2048 a.

192 2081 234 2086 —
251 2074 303 2104 an,
328 2063 382 2103 40,
410 2063 459 2103 14,
485 2063 514 2094 7.
533 2081 574 2085 —
593 2073 659 2094 vox
674 2080 696 2084 —
714 2065 855 2103 vocant„

192 2108 257 2148 vgl.
277 2108 308 2147 3,
327 2108 379 2146 54,
408 2108 446 2139 10
464 2119 494 2139 u.
515 2106 567 2145 26,
591 2107 645 2146 32,
666 2108 703 2144 (ὃς
724 2107 777 2147 35,
802 2107 854 2148 24,

192 2154 222 2185 3.
242 2154 401 2195 —sorte
419 2156 508 2193 lem„
527 2153 579 2192 39,
602 2152 649 2192 15,
673 2152 722 2183 11.
741 2170 783 2174 —
801 2153 859 2184 alii

190 2199 272 2230 oder
288 2198 423 2241 quidam
442 2199 523 2229 oder
540 2198 591 2229 ein
610 2197 778 2228 iihnliclier
796 2198 855 2228 Be-

190 2243 411 2282 griffscheiut
428 2242 632 2283 nusgcsallcn
653 2253 693 2273 zu
719 2242 806 2281 sein,
831 2253 857 2274 s.

192 2289 246 2329 31,
265 2289 318 2329 37,
342 2289 381 2327 23
406 2289 459 2327 37,
485 2289 538 2325 20,
565 2289 583 2318 5
610 2299 639 2319 11.
663 2299 705 2326 (1.,
726 2287 857 2326 Madvig

190 2335 260 2367 will
279 2336 407 2367 armati
428 2334 546 2374 tilgvn,
571 2333 635 2372 vgl.
659 2344 686 2364 c.
706 2333 739 2372 3,
764 2333 794 2364 41.
814 2351 857 2355 -

189 2382 363 2424 precibus,
387 2379 454 2419 vgl.
479 2379 557 2411 Tac..
582 2379 663 2410 Anu.
694 2378 719 2417 1,
744 2378 852 2409 1313.-

190 2426 325 2464 Strabo,
343 2429 437 2457 sonst
453 2425 553 2456 bnbcn
572 2423 623 2455 dic
639 2423 781 2454 Livinicr
795 2423 855 2454 (11·11

193 2471 359 2503 Zunamcn
375 2469 478 2510 Stolo,
493 2480 518 2501 s.
533 2470 563 2508 ὓ,
579 2468 632 2509 31,
648 2469 678 2506 5,
700 2468 759 2499 wic
774 2469 854 2499 (111(-11

191 2527 231 2548 un
247 2527 278 2548 u.
293 2516 341 2547 St.
359 2526 459 2547 verm.
475 2515 569 2547 wird.
585 2531 627 2536 —
641 2514 765 2553 signis,
786 2513 854 2544 Mn-

194 2562 314 2603 nipcln.
345 2579 389 2585 -
415 2561 455 2593 ab
485 2560 550 2602 leg.
572 2570 636 2591 sua
658 2559 741 2590 kann
768 2558 856 2589 nicht

195 2607 329 2650 partitiv
347 2616 537 2647 gencinnicn
562 2604 713 2643 werden,
736 2604 799 2635 wie
815 2604 856 2635 ab

931 1700 999 1731 sich
1025 1700 1113 1731 nicht
1137 1700 1236 1731 leicht
1261 1699 1379 1740 findet,
1403 1697 1470 1739 vgl.
1495 1697 1594 1730 Caes.

930 1745 963 1777 Β.
983 1745 1021 1777 G.
1040 1744 1071 1784 2,
1089 1745 1142 1784 25,
1164 1745 1197 1784 13
1216 1745 1308 1777 Cui-t.
1327 1744 1358 1784 -1,
1377 1742 1430 1784 52,
1448 1741 1487 1782 3;
1511 1742 1594 1774 auch

929 1790 1014 1822 kann
1038 1801 1074 1822 es
1100 1791 1188 1822 nicht
1211 1790 1352 1833 passend
1376 1789 1434 1820 mit
1456 1787 1594 1820 relictus

930 1836 1126 1875 (vcrlassen,
1150 1837 1190 1868 ini
1210 1836 1300 1868 Stich
1324 1834 1497 1876 gelassen)
1517 1843 1594 1865 ver—

928 1882 1055 1913 bunden
1074 1882 1219 1921 werden,
1236 1881 1275 1912 da
1290 1881 1342 1912 dic
1355 1880 1455 1911 drittc
1469 1878 1593 1919 Legion

927 1927 1048 1958 andei-s
1068 1927 1261 1957 verwendet
1278 1926 1330 1957 ist.
1366 1924 1474 1956 chn
1494 1923 1596 1955 daher

929 1972 1018 2003 nicht
1042 1972 1115 2003 eine
1135 1969 1404 2004 Unachtsanikeit
1428 1967 1492 2001 L.’s
1517 1978 1595 2000 vor·
1654 1978 1664 1987 ’

930 2016 1025 2057 negt,
1049 2027 1085 2048 so
1106 2017 1148 2048 ist
1165 2016 1337 2047 entwcder
1353 2015 1404 2046 die
1423 2013 1506 2046 Zahl
1525 2016 1593 2047 lor·

930 2063 995 2093 {Iac
1018 2062 1098 2093 oder
1123 2062 1174 2093 die
1201 2061 1334 2103 Priipos.
1360 2058 1592 2092 vei-schriebeu

929 2108 993 2138 und
1017 2106 1057 2139 de
1081 2107 1132 2138 od.
1159 2119 1175 2138 e
1199 2118 1239 2138 zu
1265 2107 1366 2138 lesen.
1393 2123 1436 2129 —-
1464 2105 1594 2139 obviam

930 2154 1008 2191 iss„
1032 2163 1102 2184 inan
1124 2153 1177 2183 bat
1203 2153 1253 2184 ob.
1272 2154 1361 2184 essct
1378 2160 1488 2192 verm„
1513 2149 1594 2182 abet·

930 2198 1012 2229 dumi
1033 2198 1121 2229 wiirc
1147 2198 1263 2229 obvius
1287 2208 1327 2229 zn
1351 2199 1531 2228 erwnrten.
1550 2213 1594 2219 —

929 2253 988 2274 nec
1004 2246 1083 2275 ante
1098 2262 1119 2266 a
1137 2254 1246 2285 quam,
1265 2253 1291 2274 S.
1309 2241 1362 2283 42,
1379 2240 1432 2282 26,
1452 2240 1483 2272 9.

980 2288 1028 2319 117
1059 2288 1106 2319 13.
1147 2291 1314 2332 praetor„
1359 2287 1410 2318 dic
1451 2284 1594 2327 uisu-iei-

930 2333 1002 2364 ι«1111ι1
1021 2334 1121 2365 durch
1140 2333 1191 2365 dic
1216 2337 1309 2376 porta
1334 2331 1499 2375 praetoria
1523 2330 1594 2362 cin-

929 2378 1115 2416 gcbrochen
1150 2379 1213 2410 und
1247 2378 1396 2410 kounnen
1429 2375 1488 2408 uus
1521 2375 1594 2408 dem

932 2423 1051 2465 Wvge,
1085 2424 1143 2455 dci·
1175 2435 1237 2456 von
1271 2424 1380 2455 dieser
1411 2421 1512 2454 durch
1542 2420 1594 2453 diu

932 2468 1025 2500 Min«-
1040 2470 1097 2500 dvs
1115 2469 1238 2509 Lagei-s
1253 2467 1352 2505 ffihrt,
1367 2466 1425 2499 uus
1436 2466 1486 2498 die
1497 2467 1592 2510 prin-

927 2515 1029 2557 cipia,
1047 2515 1130 2545 «lanu
1148 2525 1187 2546 1111
1206 2515 1263 2545 dns
1281 2513 1388 2545 hintcr
1403 2512 1516 2545 diesen
1534 2510 1595 2543 lie-

927 2559 1032 2597 gemin
1057 2558 1321 2591 Fcldlicrrnzclt.
1368 2557 1401 2590 ln
1433 2557 1504 2589 dem
1529 2555 1592 2589 Ln—

926 2614 986 2643 gcr
1015 2602 1066 2635 fiir
1089 2605 1172 2636 zwei
1196 2604 1363 2645 Leginnen
1389 2612 1460 2635 war
1485 2601 1594 2634 hiulci·
