1712 2825
174 176 253 216 124

591 172 722 206 LIBER
745 172 896 205 XXXX.
945 172 1038 205 CAP.
1063 172 1094 205 8.
1116 173 1147 205 9.

1418 189 1443 207 a.
1465 189 1494 207 u.
1514 182 1577 209 572.

167 276 360 317 Antiocho
382 279 420 315 et
440 275 593 316 cuilibet
610 287 747 327 regum
767 275 885 315 huius
905 275 1040 315 aetatis
1056 275 1157 315 nulla
1173 287 1215 314 re
1231 275 1352 327 magis
1371 287 1485 327 quam
1499 275 1581 316 fra—

97 340 138 373 15
166 341 275 374 terna
302 332 552 372 unanimitate
578 344 742 383 regnum
765 344 962 384 aequasse.
1001 344 1051 372 ne
1065 332 1252 372 Romanis
1275 332 1432 384 quidem
1449 345 1581 372 exem-

167 390 241 443 plis
269 389 456 436 abstinui,
484 402 581 441 quae
608 394 673 428 aut
693 389 775 428 visa
798 394 863 428 aut
883 389 1010 428 audita
1031 388 1240 435 habebam,
1270 390 1313 428 T.
1337 395 1374 428 et
1392 389 1433 428 L.
1455 389 1581 436 Quin-

169 448 357 494 ctiorum,
386 446 452 498 qui
470 445 612 486 bellum
633 458 786 485 mecum
809 452 1034 497 gesserunt,
1055 446 1099 485 P.
1122 450 1159 484 et
1177 445 1219 485 L.
1244 445 1493 498 Scipionum,
1515 446 1582 497 qui

167 503 403 543 Antiochum
431 503 672 549 devicerunt,
700 502 822 554 patris
843 502 1047 553 patruique
1067 514 1222 549 eorum,
1250 515 1416 554 quorum
1438 514 1582 554 perpe-

99 567 139 600 16
166 565 275 600 tuam
296 561 395 599 vitae
416 560 667 599 concordiam
688 572 797 598 mors
820 571 975 611 quoque
991 558 1158 599 miscuit.
1199 570 1325 610 neque
1340 572 1410 598 vos
1425 559 1582 600 illorum

168 617 294 657 scelus
324 616 539 668 similisque
567 616 702 656 sceleri
731 621 889 656 eventus
917 615 1112 655 deterrere
1139 628 1160 654 a
1188 616 1366 655 vaecordi
1387 616 1582 656 discordia

167 674 314 725 potuit,
336 685 461 725 neque
483 674 625 712 horum
647 673 749 712 bona
771 685 896 718 mens,
919 673 1021 712 bona
1041 673 1198 712 fortuna
1219 672 1264 711 ad
1287 673 1489 713 sanitatem
1511 674 1582 713 sse·

98 739 137 771 17
169 736 281 770 ctere.
323 731 407 769 vivo
429 736 466 769 et
485 730 658 782 spirante
678 742 740 768 me
760 729 1010 769 hereditatem
1032 742 1157 768 meam
1179 729 1293 768 ambo
1316 734 1354 769 et
1373 742 1443 782 spe
1460 735 1498 769 et
1513 743 1582 770 cu-

98 795 138 828 18
166 787 324 839 piditate
345 786 509 838 inproba
532 787 716 826 crevistis.
759 799 804 825 eo
827 799 952 838 usque
975 799 1037 825 me
1060 786 1186 825 vivere
1201 785 1329 835 vultis,
1347 786 1473 826 donec
1487 787 1582 827 alte-

168 845 250 883 rius
267 849 441 883 vestrum
458 849 658 895 superstes
674 843 776 882 haud
793 843 1014 895 ambiguum
1032 855 1162 894 regem
1179 843 1340 882 alterum
1357 855 1442 883 mea
1457 850 1585 884 morte

166 900 315 940 faciam.
356 912 429 939 nec
454 901 616 939 fratrem
641 911 714 939 nec
739 905 887 952 patrem
915 900 1080 952 potestis
1107 899 1198 952 pati.
1237 899 1334 939 nihil
1361 900 1456 947 cari,
1487 901 1584 941 nihil

168 958 291 997 sancti
313 962 389 1004 est3
411 957 451 995 in
469 957 644 996 omniurn
661 957 782 996 vicem
799 957 906 1008 regni
922 957 1038 996 unius
1054 955 1280 996 insatiabilis
1298 969 1409 996 amor
1425 969 1584 997 succes-

98 1023 139 1057 19
168 1014 228 1053 sit.
271 1014 380 1065 agite,
403 1014 662 1053 conscelerate
678 1025 789 1053 aures
807 1020 1001 1065 paternas,
1021 1013 1218 1053 decernite
1236 1013 1475 1061 criminibus,
1490 1026 1583 1054 mox

167 1070 271 1109 ferro
294 1070 505 1115 decreturi,
529 1071 640 1110 dicite
665 1070 808 1121 palam,
831 1071 1015 1122 quidquid
1038 1076 1102 1109 aut
1121 1069 1198 1108 veri
1220 1069 1386 1121 potestis
1409 1076 1475 1110 aut
1493 1070 1585 1110 libet

94 1136 138 1168 20
169 1127 430 1174 comminisci3
456 1132 647 1166 reseratae
676 1139 786 1166 aures
811 1133 918 1174 sunt,
946 1140 1042 1178 quae
1063 1126 1228 1177 posthac
1248 1127 1406 1166 secretis
1428 1127 1583 1167 alterius

168 1183 214 1222 ab
243 1183 361 1222 altero
392 1183 618 1223 criminibus
640 1183 916 1223 claudentur.“
958 1184 1052 1223 haec
1071 1183 1204 1222 furens
1225 1182 1280 1222 ira
1303 1195 1389 1222 cum
1412 1183 1583 1231 dixisset,

168 1240 348 1280 lacrimae
370 1240 552 1279 omnibus
574 1240 733 1279 obortae
754 1246 791 1279 et
811 1241 877 1280 diu
897 1246 1090 1280 maestum
1113 1239 1305 1294 silentium
1328 1240 1462 1280 tenuit.

280 1298 377 1336 Tum
396 1298 586 1342 Perseus
592 1297 816 1348 ,aperienda
833 1297 1016 1336 nimirum
1035 1302 1150 1336 nocte
1166 1297 1278 1335 ianua
1293 1295 1379 1343 fuit,
1397 1302 1434 1336 et
1448 1296 1584 1336 armati

159 1387 262 1430 salli3
283 1386 312 1424 S,
332 1387 384 1426 33,
403 1388 446 1418 20
464 1398 494 1419 u.
515 1387 544 1419 a‘
556 1397 644 1426 3zur
662 1387 766 1419 Sache
785 1387 839 1430 33,

169 1433 225 1473 21,
243 1434 280 1471 5,
306 1432 392 1464 Pol..
411 1428 467 1464 ὅτι
478 1430 764 1485 παραλαβόντες
781 1431 840 1465 οὑ-

170 1489 227 1510 τοι
243 1488 382 1530 μικραν
397 1473 550 1520 ι’ἷρχὴν-
564 1474 736 1519 ηὐξήκιισι
755 1476 839 1510 ταύ-

170 1533 244 1564 την,
264 1519 357 1555 ὥστε
374 1522 561 1576 ιιηὸειιιᾶς
579 1521 669 1555 εἶναι
686 1522 838 1556 καταδε-

170 1569 323 1621 εστέραν
354 1554 405 1599 δι’
438 1556 553 1600 ουθὲν
568 1566 702 1619 ἕτερον
731 1566 751 1610 ἢ
777 1568 839 1601 διὰ

168 1612 235 1655 τὴν
250 1601 344 1656 πρὸς
357 1610 490 1649 αὑτοὺς
504 1610 715 1657 ὁμόνοιαν-
723 1615 783 1646 καὶ
799 1615 838 1647 τὸ

171 1656 359 1692 δύνασθαι
393 1655 561 1696 εὐταξίαν
596 1657 636 1691 ἐν
669 1655 841 1702 αλλήλοις

169 1701 443 1748 διαφυλάττειν.
491 1722 535 1727 --
577 1704 731 1748 puderet,
771 1706 840 1738 sich

170 1750 323 1782 schamen
339 1750 840 1792 mussten.—7111·}1z·etc.‚vg1.9.

172 1796 224 1835 10,
244 1795 274 1826 3.
290 1813 334 1818 —-
347 1798 379 1826 et
393 1795 480 1833 cuil.,
499 1805 524 1826 s.
542 1794 593 1836 37,
611 1796 663 1836 54,
683 1796 739 1835 12;
758 1797 839 1828 doch

167 1839 251 1872 fehlt
267 1843 301 1872 et
318 1841 348 1871 in
374 1841 503 1880 einigen
524 1840 597 1872 Hss.
616 1859 659 1863 —
678 1844 838 1882 ananim„

167 1886 542 1925 seltengebraucht3die
553 1885 841 1919 Eintrachtselbst

168 1931 280 1962 warde
295 1931 410 1972 spiiter
424 1931 664 1971 gestiirt,s.42,
677 1932 756 1971 16‚9
767 1943 774 1969 ς
785 1932 839 1973 45,

171 1976 222 2015 19,
237 1976 254 2006 5
266 1975 661 2017 11'.—71e—quidem‚wei1
678 1985 715 2007 er
728 1986 763 2007 es
779 1987 838 2007 un-

168 2031 248 2059 gern
279 2021 398 2061 gethan
430 2021 502 2058 hat3
535 2020 574 2050 ob
599 2020 713 2062 Polyb.
746 2022 837 2053 diese

168 2065 332 2107 Beispiele
349 2063 526 2105 angefiihrt
544 2064 641 2105 habe,
667 2066 710 2097 ist
734 2067 839 2098 zwei-

168 2109 297 2151 selbast,
315 2111 518 2150 wenigstens
536 2110 643 2141 finden
658 2111 705 2141 sie
721 2111 788 2142 sich
805 2111 835 2142 in

168 2156 240 2188 dem
265 2155 458 2187 erhaltenen
480 2155 645 2197 Excerpte
671 2156 769 2188 nicht.
794 2175 837 2180 —

167 2200 246 2234 aud.
264 2201 352 2241 teob„
375 2201 426 2232 die
445 2201 507 2232 mir
524 2201 753 2241 gegenwiirtig
770 2211 838 2233 wa-

170 2257 226 2278 ren
245 2246 295 2278 als
310 2256 407 2286 usw.‚
426 2257 452 2277 s.
470 2245 523 2284 39,
545 2246 593 2284 16,
614 2245 644 2276 3.
666 2264 709 2269 -
727 2250 838 2290 patris

168 2294 249 2335 pat„
270 2291 324 2329 25,
346 2290 398 2330 36,
422 2291 471 2322 14.
485 2291 836 2332 —concord.—-⁷n1·sc.,

167 2337 327 2369 abstract.
342 2347 398 2379 pro
412 2347 540 2368 concr.:
559 2341 594 2368 ut
608 2338 790 2368 concordes
806 2338 836 2368 in

168 2383 235 2413 vita
251 2380 383 2414 fuerant
395 2386 471 2422 etc„
486 2382 555 2413 ihre
573 2381 744 2414 Eintrarht
760 2393 835 2414 ver-

169 2427 251 2459 band
275 2428 357 2459 auch
377 2428 457 2458 noch
481 2427 541 2458 der
564 2426 652 2466 Tod‚
678 2428 735 2458 der
763 2427 834 2460 'rod

169 2473 289 2504 erhieit
319 2473 367 2504 sie
392 2472 598 2511 verbunden,
628 2473 689 2503 wie
721 2473 769 2503 sie
794 2474 833 2504 im

168 2517 276 2549 Leben
302 2518 331 2548 in
358 2518 532 2550 Eintrncht
556 2517 745 2549 verbunden
776 2528 834 2556 ge-

167 2572 277 2593 wvsen
293 2573 415 2604 waren,
430 2574 457 2595 c.
474 2562 528 2602 35,
552 2562 609 2601 123
631 2563 661 2600 6,
677 2563 713 2600 53
735 2563 765 2600 2,
781 2563 833 2602 fio,

167 2607 203 2645 23
235 2608 259 2646 l,
279 2608 332 2648 41,
349 2609 386 2646 ·1;
406 2609 472 2640 Cic.
487 2609 574 2641 Seet.
594 2607 646 2645 38,
664 2607 704 2638 83
724 2619 753 2639 u.
769 2618 797 2639 11.

961 1387 1032 1419 16-
1040 1386 1092 1419 20.
1117 1397 1224 1439 neque
1242 1398 1299 1420 tos
1319 1384 1585 1432 etc.‚P01.·03v

914 1430 1016 1477 ὑμεις
1033 1429 1230 1469 ἀκούοντες
1247 1429 1316 1485 οὐχ
1335 1412 1417 1466 οἷον
1431 1434 1483 1469 εἰς
1495 1433 1584 1467 νοῦν

913 1467 1151 1530 ἐλαμβάνετε,
1176 1489 1217 1510 το
1243 1474 1280 1510 δ’
1309 1477 1479 1512 ἐναντίον
1495 1474 1583 1532 ἠκρ-

914 1523 1036 1556 νᾶτε-
1051 1520 1134 1559 τοὺς
1147 1520 1228 1555 κατ’
1248 1520 1412 1564 ἀλλήλων
1427 1521 1581 1567 θυμούς.

912 1587 954 1591 ——
974 1570 1096 1601 bona-
1113 1570 1265 1610 sanilat„
1288 1579 1314 1600 c.
1333 1568 1364 1609 6,
1382 1569 1421 1609 43
1447 1568 1500 1609 30,
1525 1569 1580 1608 42,

916 1614 967 1645 15.
982 1632 1025 1637 -
1042 1614 1183 1646 heredit.
1197 1633 1219 1637 —
1233 1616 1395 1656 cretis-tes,
1413 1625 1440 1647 s.
1456 1594 1509 1653 24'‚
1527 1615 1582 1655 25,

914 1658 945 1699 3,
969 1670 1009 1690 an
1034 1670 1064 1690 u.
1083 1660 1147 1692 St.:
1173 1660 1251 1691 habt
1269 1660 1350 1691 euch
1375 1661 1475 1692 sehon
1498 1660 1582 1692 iiber

912 1723 934 1727 -
951 1705 1164 1736 entschieden
1176 1730 1184 1746 ‚
1209 1705 1262 1737 die
1280 1704 1458 1737 Erbschaft
1478 1715 1582 1747 ange-

913 1754 1042 1789 treten3
1062 1750 1114 1781 die
1127 1750 1292 1791 jiingeren
1309 1751 1383 1782 Hss.
1402 1750 1505 1783 haben
1520 1762 1581 1796 pe-

914 1797 1001 1827 titis:
1022 1796 1073 1826 ihr
1096 1795 1214 1827 erhebt
1236 1794 1361 1837 Klage,
1384 1797 1581 1839 Anspriiche

912 1839 971 1872 auf
985 1841 1038 1872 die
1056 1840 1235 1872 Erhschast
1255 1841 1468 1880 (hereditatis
1489 1844 1580 1885 peti—

913 1887 984 1926 tio),
1010 1895 1106 1916 wozu
1123 1887 1182 1917 das
1201 1885 1295 1926 Foig.
1315 1896 1433 1928 possen
1453 1886 1579 1919 wiirde.

911 1948 957 1954 —
974 1941 1011 1962 eo
1030 1941 1115 1972 usq„
1146 1941 1208 1962 nur
1231 1941 1267 1962 so
1287 1931 1394 1972 lange,
1412 1930 1462 1964 bis
1487 1932 1582 1964 einer

912 1976 973 2007 den
998 1976 1143 2006 anderen
1169 1977 1338 2008 ermordet
1361 1977 1432 2016 bat3
1463 1977 1578 2016 donec,

912 2020 978 2060 vgl.
993 2019 1073 2052 dam
1089 2019 1141 2062 23,
1159 2020 1209 2062 19,
1228 2021 1331 2053 14.—
1344 2022 1579 2063 conscelerate,

911 2066 1018 2096 inacht
1036 2066 1137 2097 durch
1156 2066 1208 2097 die
1228 2067 1443 2109 Darstellung
1459 2078 1581 2100 euerer

911 2110 1032 2142 Frevel
1067 2122 1107 2142 zu
1138 2110 1409 2153 Theilnehmern,
1439 2112 1580 2145 Mitwis-

911 2166 987 2187 sera
1007 2156 1195 2189 dei-selben.
1213 2175 1257 2181 —
1271 2158 1401 2190 decern.
1421 2159 1517 2191 crim.
1535 2159 1580 2191 ist

912 2211 973 2232 nur
990 2202 1049 2232 der
1066 2201 1300 2235 construction
1319 2213 1382 2235 von
1401 2203 1579 2237 decernere

898 2247 1006 2288 serro
1019 2253 1209 2289 angepasst,
1223 2249 1286 2280 wie
1300 2250 1496 2289 certamine,
1508 2251 1579 2282 acie

912 2291 1090 2325 decernere
1117 2303 1146 2324 u.
1171 2293 1200 2325 ii.
1223 2312 1266 2317 —
1290 2295 1364 2326 veri
1383 2296 1520 2338 polest„
1544 2305 1574 2327 11.

911 2337 1037 2377 dicere
1068 2338 1131 2369 wie
1156 2349 1196 2370 zu
1221 2339 1431 2371 comminisci
1451 2339 1576 2371 wieder

910 2382 1070 2425 quidquid
1086 2394 1126 2415 zu
1145 2384 1274 2415 denkeu
1294 2384 1353 2422 ist,
1377 2384 1444 2424 vgl.
1463 2383 1497 2424 4,
1520 2383 1576 2424 29,

909 2428 945 2465 (ῖς
966 2428 1018 2466 28,
1037 2429 1089 2467 42,
1105 2429 1142 2466 9;
1161 2429 1215 2470 42,
1230 2429 1283 2468 46,
1299 2429 1329 2461 2.
1343 2430 1441 2461 —ab
1457 2408 1576 2471 altero,

907 2473 1034 2504 iihnlich
1055 2475 1115 2505 wie
1134 2474 1154 2516 ᾖ
1172 2475 1227 2506 14:
1246 2475 1336 2513 mihi,
1352 2474 1496 2507 alterius
1510 2477 1574 2507 cri-

907 2519 1053 2550 minibus
1078 2520 1119 2550 ab
1142 2521 1335 2552 criminibus
1356 2519 1508 2552 alterius.

908 2565 1041 2601 omnib„
1060 2564 1112 2605 39,
1135 2565 1160 2602 l
1180 2564 1211 2596 2.

949 2589 1287 2653 9.1-5.aper1·.end
1302 2612 1395 2650 nim,
1414 2609 1466 2642 die
1480 2608 1570 2642 Rode
