1712 2825
282 206 524 239 PERIOCHAE
548 206 769 241 LIBRORUM
793 206 924 239 LXXX
930 207 1311 243 XIIII—LXXXXVIII
1315 236 1320 242 .
1428 212 1508 251 305

103 305 290 349 praefectos
309 306 517 338 Mithridatis
539 306 664 338 bellum
689 306 722 337 in
738 305 885 349 Phrygia
907 312 1078 339 moventes
1097 309 1225 340 cecidit.
1260 315 1436 352 praeterea
1454 321 1507 343 res

104 361 121 382 a
139 351 196 383 Cn.
215 350 369 393 Pompeio
387 352 419 383 in
438 351 595 394 Hispania
612 356 728 383 contra
745 350 933 383 Sertorium
950 362 1110 394 prospere
1127 359 1240 394 gestas
1259 355 1417 387 continet.

610 431 674 463 EX
698 430 774 463 LIB.
792 431 1004 464 LXXXXV.

195 484 230 516 C.
251 484 350 517 Curio
368 486 547 528 proconsul
563 485 737 517 Dardanos
761 485 793 516 in
810 484 953 516 Thracia
976 485 1111 517 domuit.
1146 492 1304 529 quattuor
1322 493 1354 520 et
1373 493 1507 531 septua-

105 529 197 571 ginta
215 530 416 570 gladiatores
435 530 566 572 Capuae
583 540 623 561 ex
640 531 717 562 ludo
732 530 864 562 Lentuli
882 529 1111 572 profugerunt,
1129 536 1162 562 et
1180 539 1381 574 congregata
1399 534 1508 566 servi-

105 575 226 606 tiorum
249 576 560 617 ergastulorumque
584 576 795 607 multitudine
820 575 922 607 Crixo
948 580 980 607 et
1003 575 1164 618 Spartaco
1189 578 1325 609 ducibus
1344 579 1430 610 bello
1449 590 1508 610 ex-

104 619 222 661 citato:
231 620 403 652 Claudium
426 620 603 652 Pulchrum
626 621 771 662 legatum
796 625 829 652 et
855 620 889 651 P.
917 620 1084 652 Varenum
1106 626 1294 663 praetorem
1311 624 1439 664 proelio
1458 624 1509 655 vi—

105 670 231 697 cerunt.
266 665 303 697 L.
328 665 487 698 Lucullus
511 666 689 709 proconsul
714 667 754 697 ad
778 665 934 708 Cyzicum
958 666 1073 697 urbem
1096 667 1279 698 exercitum
1303 668 1508 700 Mithridatis

104 707 188 741 fame
212 709 368 753 ferroque
391 712 532 752 delevit,
558 712 749 753 pulsumque
767 711 921 754 Bithynia
944 721 1055 752 regem
1077 711 1183 743 variis
1205 712 1287 743 belli
1309 723 1348 743 ae
1371 713 1507 745 naufra-

103 755 234 795 giorum
253 756 385 788 casibus
404 755 543 789 fraetum
562 757 671 797 coegit
688 757 721 787 in
738 755 876 787 Pontum
894 755 1081 798 profugere.

602 837 665 868 EX
683 836 758 868 LlB.
779 835 1003 868 LXXXXVI.

194 892 231 934 Q.
251 892 373 924 Arrius
397 897 534 935 praetor
551 892 687 924 Crixum
710 891 927 934 fugitivorum
952 892 1065 923 ducein
1089 903 1162 923 cum
1179 892 1248 923 XX
1272 893 1437 924 hominum
1455 902 1509 924 ee—

103 937 194 969 cidit.
229 936 285 969 Cn.
306 937 467 969 Lentulus
493 938 609 969 consul
630 938 715 969 male
740 938 902 969 adversus
921 937 1115 978 Spartacum
1133 938 1300 979 pugnavit.
1335 937 1374 969 ab
1393 938 1508 969 eodem

102 981 138 1013 L.
160 980 288 1014 Gellius
307 983 422 1014 consul
440 987 472 1014 et
490 983 527 1025 Q.
543 982 664 1019 Arrius
682 987 818 1025 praetor
836 983 905 1013 acie
923 982 1004 1012 victi
1023 987 1109 1013 sunt.
1140 982 1311 1014 Sertorius
1331 992 1349 1014 a
1367 981 1411 1014 M.
1425 982 1508 1014 Per—

101 1037 202 1069 perna
226 1032 260 1059 et
277 1027 330 1059 Μ’.
348 1027 493 1059 Antonio
512 1033 545 1059 et
563 1028 636 1059 aliis
655 1028 837 1059 coniuratis
855 1027 887 1057 in
913 1026 1068 1058 convivio
1092 1026 1289 1059 interfectus
1313 1032 1364 1059 est
1388 1032 1507 1059 octavo

101 1072 240 1104 ducatus
259 1073 310 1103 sui
327 1082 431 1110 111111ος
449 1083 585 1113 magnus
603 1073 668 1103 dux
687 1078 720 1104 et
737 1073 899 1103 adversus
918 1072 999 1103 duos
1017 1072 1253 1113 imperatores,
1272 1072 1458 1114 Pompeium
1476 1077 1510 1103 et

102 1116 289 1157 Metellum,
314 1118 368 1148 vel
393 1116 598 1159 frequentius
624 1118 749 1157 vietor,
774 1118 813 1149 ad
836 1117 987 1148 ultimum
1006 1121 1038 1148 et
1056 1127 1177 1148 saevus
1195 1122 1229 1148 et
1247 1118 1415 1159 prodigus.
1448 1117 1509 1148 im-

102 1162 228 1204 perium
252 1163 394 1204 partium
419 1163 459 1194 ad
478 1162 520 1194 M.
539 1162 739 1205 Perpernam
762 1162 979 1199 translatum,
1005 1172 1097 1204 quem
1116 1162 1172 1193 Cn.
1192 1162 1365 1204 Pompeius
1383 1162 1509 1194 victum

103 1212 296 1249 captumque
314 1206 495 1247 interfecit,
513 1218 550 1239 ae
569 1208 695 1250 recepit
713 1208 888 1250 Hispanias
907 1207 1033 1238 decimo
1053 1206 1123 1239 fere
1142 1217 1225 1238 anno
1245 1218 1338 1250 quam
1357 1212 1508 1249 coeptum

102 1256 152 1284 est
178 1252 310 1284 bellum.
351 1252 385 1284 C.
412 1253 546 1285 Cassius
571 1254 749 1294 proconsul
773 1258 807 1284 et.
831 1253 886 1283 Cn.
912 1252 1056 1283 Manlius
1081 1257 1215 1294 praetor
1238 1253 1322 1284 male
1347 1253 1508 1284 adversus

100 1296 295 1340 Spartacum
313 1303 555 1340 pugnaverunt,
575 1299 669 1340 idque
688 1298 809 1329 bellum
829 1297 871 1329 M.
892 1297 1013 1329 Crasso
1032 1298 1179 1339 praetori
1198 1299 1383 1330 mandatum
1402 1302 1464 1330 est.

596 1378 660 1410 EX
679 1377 755 1409 LIB.
774 1376 1015 1410 Lxxxxvtl.

190 1430 235 1462 M.
261 1431 402 1463 Crassus
428 1436 563 1473 praetor
589 1432 727 1474 primum
752 1442 823 1463 eum
848 1435 942 1473 parte
967 1430 1201 1472 fugitivorum,
1225 1442 1308 1474 quae
1332 1441 1374 1463 ex
1399 1430 1505 1462 Gallis

100 1485 339 1529 Germanisque
356 1488 547 1527 constabat,
567 1487 711 1519 feliciter
730 1488 905 1529 pugnavit,
925 1487 1033 1519 eaesis
1051 1488 1193 1519 hostium
1212 1488 1348 1521 XXXV
1365 1492 1398 1518 et
1414 1486 1506 1517 duci-

100 1531 159 1564 bus
183 1542 297 1563 eorum
315 1532 414 1564 Casto
432 1537 465 1564 et
484 1531 644 1565 Gannico.
679 1544 750 1565 cum
769 1533 929 1575 Spartaco
948 1532 1064 1565 deinde
1082 1532 1282 1574 debellavit,
1310 1532 1414 1563 caesis
1434 1541 1506 1562 eum

101 1587 171 1629 ipso
190 1587 262 1619 LX.
294 1588 337 1620 M.
356 1588 519 1620 Antonius
546 1595 678 1631 praetor
698 1590 819 1621 bellum
838 1590 1000 1621 adversus
1020 1588 1199 1622 Cretenses
1217 1598 1329 1628 parum
1348 1597 1506 1629 prospere

101 1638 290 1676 susceptum
315 1639 422 1666 morte
445 1645 502 1666 sua
529 1634 623 1666 finiit.
664 1635 706 1666 M.
733 1634 894 1666 Lucullus
920 1635 1096 1676 proconsul
1123 1634 1268 1665 Thracas
1293 1631 1433 1671 subegit.
1467 1630 1503 1663 L.

102 1677 261 1710 Lucullus
286 1679 315 1710 in
336 1679 439 1711 Ponto
459 1680 621 1711 adversus
641 1680 857 1711 Mithridaten
877 1679 1026 1711 feliciter
1045 1677 1215 1722 pugnavit,
1235 1676 1343 1707 eaesis
1361 1676 1505 1708 hostium

101 1723 240 1765 amplius
264 1734 359 1765 quam
383 1724 443 1755 LX
463 1725 605 1758 milibus.
637 1725 678 1757 M.
695 1726 836 1756 Crassus
855 1730 888 1757 et
902 1726 959 1756 Cn.
976 1722 1143 1762 Pompeius
1161 1721 1315 1751 consules
1334 1719 1415 1752 facti
1433 1722 1505 1762 [sic]

101 1773 134 1800 et
148 1769 331 1811 Pompeius,
349 1775 523 1812 antequam
539 1775 748 1812 quaesturam
765 1775 908 1811 gereret.
927 1777 965 1797 ex
983 1766 1091 1806 equite
1107 1765 1262 1796 Romano.
1295 1766 1506 1798 tribuniciam

101 1817 302 1856 potestatem
334 1815 565 1846 restituerunt.
607 1816 728 1847 iudicia
756 1823 881 1857 quoqne
905 1821 963 1851 per
990 1809 1033 1840 M.
1059 1809 1230 1840 Aurelium
1256 1811 1386 1842 Cottam
1409 1821 1506 1853 prae—

99 1864 205 1890 torem
224 1860 262 1890 ad
282 1860 408 1901 equites
428 1860 591 1891 Romanos
609 1861 771 1891 translata
790 1861 876 1887 sunt.
912 1854 1122 1885 Mithridates
1140 1855 1374 1895 desperatione
1393 1866 1503 1888 rerum

100 1913 233 1935 suarum
252 1909 387 1935 coaetus
405 1905 443 1935 ad
463 1904 639 1944 Tigranem
658 1900 832 1934 Armeniae
851 1909 960 1938 regem
980 1898 1135 1939 eonsugit.

588 1982 643 2013 Ex
667 1980 740 2011 LIB.
761 1978 1014 2011 Lxxxxvnl.

191 2036 380 2076 Machares,
408 2036 495 2067 lilius
521 2034 743 2070 Mithridatis,
770 2033 906 2075 Bospori
927 2044 1003 2069 rex,
1027 2044 1043 2064 a
1063 2033 1098 2064 L.
1121 2033 1258 2065 Lueullo
1277 2034 1307 2065 iu
1327 2034 1504 2066 amicitiam

101 2087 255 2124 receptus
279 2087 338 2112 est.
374 2082 431 2112 Cn.
450 2080 607 2112 Lentulus
632 2084 663 2110 et
683 2079 717 2110 L.
739 2078 868 2110 Gellius
893 2089 1050 2110 eeusores
1068 2089 1219 2121 asperam
1238 2089 1410 2110 eensurain
1428 2089 1505 2119 ege-

101 2131 177 2158 runt
195 2131 350 2168 quattuor
367 2131 399 2158 et
416 2125 590 2164 sexaginta
608 2129 723 2156 senatu
743 2124 850 2155 motis.
881 2134 896 2154 a
917 2124 1034 2165 quibus
1050 2124 1156 2155 lustro
1171 2125 1300 2155 eondito
1316 2134 1412 2155 censa
1428 2130 1505 2155 suut

103 2182 221 2212 civium
241 2182 347 2222 eapita
367 2182 512 2213 DCCCC.
544 2181 579 2212 L.
600 2181 754 2212 Metellus
773 2185 908 2222 praetor
927 2180 957 2211 in
973 2180 1084 2211 Sit-ilia
1104 2181 1266 2211 adversus
1286 2181 1410 2222 piratas
1428 2190 1504 2220 pro—

102 2235 198 2267 spere
225 2236 291 2257 reni
317 2227 430 2265 gessit.
464 2227 617 2268 templum
638 2226 722 2257 lovis
748 2227 776 2257 in
797 2225 976 2267 Capitolio,
1002 2226 1084 2267 11111111
1111 2226 1258 2256 ineendio
1278 2229 1504 2265 eonsumptum

102 2281 140 2301 ae
159 2269 318 2301 resectum
337 2276 429 2310 erut,
453 2281 469 2301 a
489 2272 526 2312 Q.
545 2272 663 2302 Catulo
681 2271 865 2301 dedieatum
885 2275 946 2302 est.
983 2270 1019 2301 L.
1040 2270 1197 2301 Lueullus
1217 2271 1246 2300 iu
1267 2269 1421 2300 Armenia
1443 2268 1504 2299 Mi-

101 2315 266 2347 thridaten
291 2320 318 2345 el
341 2316 507 2355 Tigranen
532 2320 565 2346 et
590 2316 737 2355 ingentes
763 2316 936 2356 utriusque
961 2315 1048 2354 regis
1068 2316 1178 2357 eopias
1199 2314 1349 2355 pluribus
1368 2314 1505 2354 proeliis

102 2359 196 2392 fudit.
232 2361 268 2401 Q.
290 2360 445 2392 Metellus
471 2361 646 2402 proconsul
675 2361 761 2391 bello
781 2361 940 2391 adversus
958 2361 1136 2391 Cretenses
1155 2360 1305 2389 iiiaudato
1324 2358 1502 2401 Cydoniam

102 2405 215 2436 urbem
239 2405 377 2437 obsedit.
419 2407 453 2437 (Ζ.
479 2405 631 2437 'triarius
657 2405 784 2445 legatus
811 2405 937 2435 Lueulli
963 2406 1124 2436 adversus
1152 2404 1365 2434 Mithridaten
1392 2414 1503 2445 partun

102 2460 261 2492 prospere
285 2451 452 2492 pugnavit.
489 2450 677 2484 Lat-uttam.
704 2462 741 2481 ue
766 2455 1021 2491 persequeretur
1048 2449 1259 2479 'llitlnridaleu
1283 2459 1320 2479 ae
1339 2447 1504 2489 Tigranen

103 2505 323 2537 summamque
348 2496 508 2527 vit-toriae
534 2496 731 2537 imponeret,
756 2495 874 2526 seditio
900 2495 1038 2525 militum
1064 2494 1185 2528 tetulit,
1211 2492 1272 2535 qui]
1295 2495 1386 2536 sequi
1413 2494 1505 2525 nole-

101 2540 176 2571 bant
197 2541 216 2580 [,
236 2541 265 2571 id
285 2546 335 2572 est
354 2541 499 2580 legiones
517 2541 724 2574 Valet-ianae.
744 2551 825 2582 1111111·
844 2540 974 2581 impleta
995 2550 1010 2568 a
1030 2550 1064 2569 se
1084 2539 1245 2580 stipendia
1264 2539 1423 2571 dieentes.
1443 2538 1507 2570 Lu-

102 2585 224 2617 cullum
244 2586 475 2628 reliqueruutl.

173 2642 232 2667 Tit.
251 2642 315 2667 niv.
334 2643 366 2666 x.
1196 2628 1238 2660 20
