1712 2825
545 173 673 207 LIBER
698 172 864 206 XXXXI.
912 172 1005 205 CAP.
1024 173 1079 206 23.
1428 175 1510 215 259

100 196 126 215 a.
148 188 202 215 Ch.
225 188 284 213 174.

96 280 248 334 quaeri,
278 291 351 332 qua
379 278 601 317 Romanum
629 277 782 323 foedus,
821 288 899 328 quo
929 280 1065 314 nostra
1097 277 1228 315 omnia
1251 277 1511 323 continentur,

95 334 399 377 violeturffnisi
427 335 504 374 hoc
530 334 690 373 dubium
723 333 833 373 alicui
869 337 929 372 est
963 332 1184 371 bellandum
1206 333 1393 373 Romanis
1423 346 1513 373 cum

95 395 240 434 Perseo
263 403 350 431 esse
372 395 419 438 et,
441 391 545 442 quod
564 391 647 429 vivo
666 390 848 441 Philippo
867 393 1123 441 expectatum,
1144 395 1271 428 morte
1288 391 1369 429 eius
1386 391 1513 429 inter-
1542 434 1554 436 ξ

95 451 274 502 pellatum
296 453 366 493 est,
389 448 426 487 id
449 453 542 498 post
561 453 730 486 mortem
753 447 923 499 Philippi
942 446 1133 485 futurum.
1175 446 1288 492 duos,
1316 452 1360 485 ut
1387 447 1508 494 scitis,

92 505 227 546 habuit
252 504 353 543 filios
374 504 595 556 Philippus,
624 504 864 543 Demetrium
898 508 935 542 et
955 503 1110 542 Persea.
1153 514 1296 553 genere
1317 508 1509 551 materno,

91 561 231 601 virtute
259 560 414 612 ingenio
442 561 576 600 favore
603 561 858 601 Macedonum
895 560 1010 611 longe
1045 559 1238 611 praestitit
1273 559 1508 598 Demetrius.

91 618 160 657 sed
181 618 270 670 quia
296 618 335 656 in
363 617 565 657 Romanos
589 617 665 656 odii
694 629 857 668 regnum
886 621 1072 668 posuerat
1098 615 1339 667 praemium,
1366 616 1507 655 Deme-

89 675 207 714 trium
229 674 335 714 nullo
358 674 429 713 alio
453 675 613 714 crimine
636 686 750 726 quam
773 675 973 713 Romanae
999 673 1189 712 amicitiae
1210 672 1327 711 initae
1356 672 1508 718 occidit,

89 731 245 779 Persea,
267 743 381 783 quem
405 731 495 770 bella·
514 744 599 770 cum
620 731 768 782 populo
791 731 969 770 Romano
992 729 1101 782 prius
1123 741 1245 781 paene
1262 741 1377 780 quam
1399 729 1508 779 regni

88 788 271 827 heredem
304 788 479 827 futurum
514 788 677 834 sciebat,
711 800 841 839 regem
877 787 977 826 fecit.
1026 787 1155 839 itaque
1190 786 1282 837 quid
1318 785 1382 824 hie
1416 790 1510 836 post

88 849 256 884 mortem
278 844 399 896 patris
421 845 497 896 egit
524 844 624 884 aliud
654 857 768 896 quam
798 844 940 883 bellum
967 841 1144 894 paravit?
1192 843 1403 882 Bastarnas
1426 842 1508 893 pri-

88 913 195 940 mum
220 901 267 940 ad
290 907 478 940 terrorem
502 901 677 940 omnium
700 904 741 940 in
761 900 992 940 Dardaniam
1024 900 1190 946 inmisit,
1219 899 1283 951 qui
1311 899 1343 937 si
1373 899 1509 937 sedem

89 970 172 996 eam
201 957 430 1004 tenuissent,
459 959 654 1009 graviores
683 970 750 997 eos
774 957 923 997 accolas
956 957 1112 996 Graecia
1140 956 1361 1003 habuisset,
1391 968 1508 1007 quam

87 1015 179 1053 Asia
201 1014 332 1053 Gallos
354 1014 530 1054 habehat.
573 1028 617 1054 ea
645 1027 715 1066 spe
747 1014 934 1066 depulsus
965 1025 1047 1052 non
1078 1019 1209 1053 tamen
1231 1013 1318 1052 belli
1347 1012 1507 1051 consilia

88 1070 236 1119 omisit3
271 1071 413 1116 immo,
452 1072 483 1109 si
518 1084 604 1110 vere
638 1071 818 1111 volumus
847 1071 991 1117 dicere,
1026 1071 1102 1110 iam
1130 1069 1329 1108 inchoavit
1348 1068 1505 1107 bellum.

87 1127 292 1178 Dolopiam
321 1129 440 1166 armis
477 1128 631 1179 subegit
666 1140 738 1167 nec
772 1127 1022 1179 provocantis
1059 1127 1105 1166 de
1142 1125 1420 1165 controversiis
1458 1125 1506 1164 ad

89 1183 410 1235 disceptationem
434 1184 572 1235 populi
590 1184 756 1223 Romani
774 1184 938 1231 audivit,
959 1184 1048 1222 inde
1065 1189 1336 1234 transgressus
1355 1182 1506 1229 Oetam,

90 1247 130 1280 ut
150 1245 310 1292 repente
336 1241 376 1279 in
405 1241 534 1280 medio
568 1241 750 1280 umbilico
782 1241 961 1280 Graeciae
991 1240 1295 1292 conspiceretur,
1332 1238 1504 1289 Delphos

89 1296 275 1336 escendit.
318 1297 411 1336 haec
433 1298 638 1348 usurpatio
661 1297 810 1336 itineris
832 1297 979 1336 insoliti
1008 1309 1084 1347 quo
1112 1296 1222 1334 vobis
1251 1301 1427 1347 spectare
1447 1295 1504 1333 vi-

87 1351 229 1392 detur?
272 1353 510 1392 Thessaliam
540 1354 678 1392 deinde
705 1354 936 1405 peragravit·,
974 1354 1078 1404 quod
1112 1353 1196 1391 sine
1225 1352 1338 1391 ullius
1368 1363 1505 1390 eorum

87 1422 185 1461 quos
209 1409 343 1449 oderat
363 1411 492 1457 noxia,
515 1411 590 1449 hoc
618 1411 740 1461 magis
770 1410 1066 1462 temptationem
1089 1414 1235 1448 metuo.
1284 1408 1373 1447 inde
1399 1408 1505 1447 litte-

85 1521 240 1562 Boman„
258 1533 287 1554 c.
306 1522 365 1563 24,
392 1523 450 1562 173
477 1522 535 1561 21,
562 1522 619 1563 10,
639 1521 657 1552 3
677 1533 708 1555 u.
726 1532 755 1554 a.

84 1585 128 1590 —
146 1578 209 1610 quo
226 1586 249 1590 —
265 1570 407 1608 contin„
430 1568 492 1599 wie
516 1567 537 1610 ξ
557 1568 590 1598 5:
615 1569 648 1598 (ἠ
673 1578 710 1600 eo
728 1578 756 1600 v.

40 1636 44 1638 -
83 1614 126 1645 si.
143 1631 188 1636 —
204 1614 281 1653 nisi,
299 1613 352 1655 40,
373 1613 423 1652 12,
446 1613 498 1644 17.
515 1631 560 1636 —
577 1612 717 1645 belland.
735 1631 757 1635 —

28 1656 33 1658 ’
84 1669 167 1699 esse,
182 1669 219 1690 so
234 1659 296 1690 wie
312 1658 353 1690 im
362 1658 486 1690 Senate
501 1658 566 1689 wol
580 1658 681 1689 sehon
697 1658 757 1689 der

83 1701 188 1744 Rrieg
204 1703 418 1735 beschlossen
438 1713 519 1744 war,
543 1713 579 1734 so
598 1703 756 1734 betrach-

85 1753 134 1781 tet
156 1749 210 1780 ihu
229 1749 288 1780 der
305 1747 543 1780 Riiinerfreund
562 1748 611 1779 als
631 1758 756 1779 unver-

84 1794 254 1831 meidlich,
287 1794 351 1825 und
380 1792 471 1825 ffihrt
495 1791 591 1825 dafiir
613 1793 665 1824 die
690 1803 754 1824 von

84 1839 144 1870 den
188 1838 328 1870 Riimern
376 1839 483 1870 selbst
528 1839 753 1879 gebrauchten

85 1883 220 1917 Griinde
238 1894 295 1923 an,
319 1884 380 1924 42,
405 1884 459 1915 40.
477 1902 521 1906 —
540 1884 631 1926 quod
646 1883 753 1923 allge-

82 1930 181 1970 mein,
203 1939 298 1961 wenn
317 1930 398 1961 auch
418 1929 538 1962 bellum
556 1939 615 1961 aus
635 1929 758 1961 bellan-

82 1975 164 2008 dum
181 1975 282 2007 leicht
298 1975 439 2016 gedacht
456 1976 550 2006 wird.
569 1993 611 1998 —
628 1985 756 2017 genere

81 2023 175 2063 mat„
193 2019 247 2063 39,
272 2020 325 2059 53,
345 2019 375 2053 3.
393 2039 436 2043 —
452 2023 625 2064 posuerat,
650 2020 703 2060 29,
722 2020 754 2060 6,

85 2065 142 2097 15:
171 2068 364 2110 praemium
388 2068 421 2097 in
444 2066 554 2098 medio
582 2067 753 2110 positmn3

83 2111 164 2144 Sall.
184 2110 219 2143 C.
239 2111 297 2150 20,
320 2111 377 2142 14:
392 2112 549 2154 fortuna
565 2129 586 2134 —
601 2113 756 2154 praemia

81 2157 206 2200 posuit,
220 2167 246 2188 s.
266 2155 319 2196 39,
340 2157 392 2197 17,
414 2157 427 2188 1
449 2168 478 2188 u.
494 2167 533 2197 a.,
550 2157 615 2196 vgl.
631 2156 685 2194 42,
702 2156 756 2198 22,

84 2202 115 2234 2.
134 2220 177 2225 —
193 2204 293 2245 prius
310 2207 392 2242 ete.‚
411 2203 462 2233 die
481 2201 615 2233 friihere
634 2201 755 2233 Lesart

107 2257 209 2279 uenae
225 2258 325 2290 quam
343 2249 443 2289 regni
458 2247 582 2279 kiinnte
596 2248 657 2278 den
672 2247 754 2278 sinn

105 2292 203 2324 aben:
237 2293 297 2324 der
320 2291 374 2323 fiir
397 2293 455 2323 dns
483 2294 562 2323 ro‘in.
590 2292 692 2332 Volk,
724 2293 754 2323 in

83 2337 145 2370 den
169 2338 286 2379 Augen
311 2338 369 2369 des
395 2340 471 2369 riiin.
497 2337 642 2376 Volkes,
675 2338 756 2369 eher

84 2383 135 2414 ein
160 2382 247 2415 Erbe
272 2383 332 2415 der
356 2382 484 2425 Philipp
509 2383 609 2414 sehon
638 2392 755 2423 wegen

85 2427 194 2460 seiner
211 2427 432 2470 Kriegspliine
455 2438 561 2468 gegen
581 2427 660 2459 Rom
678 2428 756 2459 dro-

84 2471 210 2505 handen
237 2472 348 2505 Strase
372 2474 421 2505 als
450 2492 471 2495 —
502 2483 572 2504 war
598 2482 697 2514 usw.,
726 2483 753 2505 s.

84 2515 187 2559 Verg.
209 2518 266 2559 11,
293 2518 376 2550 416:
401 2518 455 2550 ille
476 2519 654 2550 mihiaute
669 2518 754 2550 alios

75 2562 304 2604 sortunatus3
340 2564 411 2596 Ecl.
440 2565 475 2602 7,
507 2564 567 2603 703
599 2563 681 2595 doeh
712 2564 756 2596 ist

84 2606 144 2639 der
160 2607 319 2641 Gednnke
337 2608 517 2648 einsacher,
535 2618 630 2640 wenn
649 2619 756 2652 paene

832 1522 968 1562 gelesen
993 1522 1056 1553 und
1082 1521 1155 1553 eine
1171 1521 1233 1552 den
1254 1520 1446 1561 Gegensatz
1464 1530 1506 1550 zu

831 1569 933 1609 regne*
954 1567 1168 1598 enthaltende
1192 1565 1304 1598 Liicke
1327 1575 1507 1606 angenom-

830 1623 904 1644 men
922 1613 1017 1651 wird,
1036 1613 1117 1643 uach
1133 1611 1237 1644 Gron.
1252 1622 1350 1653 quem
1362 1613 1396 1642 in
1413 1621 1448 1653 p.
1464 1609 1506 1642 R.

827 1659 926 1701 prius
941 1657 1020 1696 odii,
1035 1667 1061 1689 s.
1075 1657 1263 1689 Plut.Aem.
1279 1656 1310 1695 8,
1326 1656 1362 1693 9;
1377 1655 1505 1686 Ruben.

829 1714 927 1745 quem
946 1702 1023 1734 belli
1036 1704 1070 1733 iu
1086 1713 1137 1745 p.‚
1156 1701 1363 1741 Heerwagen
1382 1711 1410 1742 q.
1431 1699 1507 1732 belli

830 1758 906 1780 cum
926 1759 960 1791 p.
986 1747 1044 1786 R.;
1076 1747 1178 1778 Hertz
1206 1748 1304 1790 priils
1325 1757 1359 1789 p.
1383 1745 1507 1777 bellum

830 1793 1028 1825 inlaturum.
1045 1810 1090 1815 —
1106 1794 1193 1834 egz't,
1217 1792 1285 1832 vgl.
1307 1791 1366 1831 34,
1388 1790 1424 1830 2,
1446 1790 1502 1823 12:

818 1839 980 1878 saciunt3
1007 1837 1066 1878 40,
1091 1838 1127 1877 5,
1153 1836 1185 1869 6.
1202 1855 1246 1860 -
1264 1836 1393 1875 sedem,
1412 1846 1440 1867 c.
1463 1835 1504 1867 19

829 1894 859 1915 a.
878 1884 916 1915 E.
933 1902 978 1907 —-
996 1884 1131 1923 habeb„
1157 1893 1218 1914 vor
1235 1883 1307 1914 dem
1326 1881 1424 1922 Siege
1443 1881 1505 1912 der

830 1928 959 1971 Ro'mer,
985 1929 1037 1969 38,
1064 1928 1118 1967 47,
1146 1928 1197 1959 ll.
1215 1945 1260 1951 —-
1283 1938 1322 1959 ea
1340 1937 1400 1970 spe
1417 1926 1502 1970 dep„

830 1974 889 2012 31,
920 1974 980 2013 25,
1014 1973 1068 2005 ll:
1093 1984 1222 2015 magna
1245 1984 1306 2017 spe
1328 1971 1503 2016 depulsus,

829 2019 883 2061 23,
910 2020 940 2059 8,
960 2019 997 2058 33
1018 2029 1058 2050 zu
1076 2017 1130 2058 31,
1148 2018 1202 2057 24,
1221 2018 1252 2050 3.
1270 2037 1315 2041 —
1332 2019 1365 2049 si
1380 2027 1456 2050 vere
1473 2027 1503 2049 v.

830 2065 878 2107 (L,
904 2064 964 2103 34,
990 2064 1025 2105 2,
1054 2064 1104 2095 14.
1122 2082 1167 2087 -
1182 2063 1300 2107 Dolop.
1318 2082 1339 2085 —
1354 2072 1501 2106 prot-oc„

829 2121 856 2142 c.
872 2110 926 2149 22,
945 2110 983 2149 43
1003 2109 1057 2151 39,
1074 2108 1128 2148 24,
1150 2109 1201 2140 14.
1216 2127 1259 2132 —
1271 2108 1381 2140 medio
1396 2107 1503 2140 neben

828 2155 995 2193 umbilico,
1019 2165 1046 2187 s.
1066 2154 1120 2193 35,
1144 2154 1193 2193 18,
1211 2154 1242 2194 4,
1265 2153 1503 2196 pleonastisch‚

829 2201 882 2239 39,
909 2200 962 2239 56,
988 2200 1019 2240 6,
1043 2211 1071 2232 c.
1089 2200 1143 2237 24,
1168 2199 1222 2231 20.
1241 2217 1284 2222 —-
1301 2209 1433 2242 usurp„
1451 2198 1502 2229 als

829 2247 869 2278 ob
884 2257 921 2278 er
939 2246 1041 2277 durch
1055 2246 1112 2277 das
1128 2245 1284 2276 Betreten
1300 2245 1357 2276 des
1375 2243 1502 2283 weges

828 2292 880 2323 ein
916 2291 1020 2323 flecht
1059 2291 1148 2322 nicht
1179 2300 1239 2321 aus
1273 2290 1333 2321 der
1366 2288 1503 2327 Uebung

830 2338 979 2369 kouunen
1006 2337 1115 2367 lassen
1135 2335 1253 2376 wolle,
1278 2346 1305 2366 c.
1326 2334 1363 2373 6,
1390 2333 1440 2364 10.
1457 2350 1503 2355 —

828 2393 910 2424 quos
928 2382 1031 2421 oder„
1050 2382 1130 2413 nach
1148 2381 1209 2412 der
1228 2380 1504 2416 Voraussetzung

828 2429 886 2459 des
907 2427 1074 2467 Redners,
1092 2437 1145 2458 um
1164 2437 1205 2457 zu
1224 2426 1382 2465 steigern,
1407 2425 1504 2453 sonst

830 2474 903 2513 stige
921 2472 1065 2508 adierat,
1091 2472 1155 2502 wie
1173 2480 1276 2502 verni.
1297 2469 1387 2505 wird,
1406 2467 1502 2506 nahe,

829 2529 857 2550 c.
877 2518 936 2556 22,
964 2518 1058 2550 6.-
1075 2519 1196 2555 noenu,
1221 2515 1258 2554 2,
1278 2512 1501 2552 54,10‚vgi.

829 2563 883 2604 36,
902 2563 956 2602 21,
975 2563 1004 2595 3.
1023 2580 1067 2586 —
1085 2563 1146 2593 hoc
1162 2570 1265 2601 mag„
1285 2559 1386 2590 sehon
1404 2566 1501 2588 weun

830 2619 868 2640 er
897 2609 985 2640 nieht
1014 2607 1176 2647 gesclwnt
1206 2604 1316 2644 hatte,
1347 2603 1435 2634 wiire
1464 2611 1501 2634 es

1163 2660 1231 2691 17*

1539 454 1581 488 10

1541 625 1580 658 11

1540 794 1580 826 12

1537 1020 1578 1053 13

1535 1303 1578 1336 14

1536 1415 1576 1448 15
