1712 2825
96 217 123 236 a.
144 209 198 236 ch.
219 209 279 234 184.
530 197 659 231 LIBER
683 197 851 231 XXXIX.
898 198 993 232 CAP.
1018 198 1072 231 39.

1454 202 1508 241 77

94 307 224 355 patres
252 305 507 348 censuerunt,
534 300 589 339 uti
609 300 650 339 L.
672 300 836 340 Porcius
865 300 1003 340 consul
1029 312 1117 340 cum
1139 301 1185 348 Q.
1207 302 1340 342 Fulvio
1368 308 1509 355 ageret,
1538 310 1557 342 7

94 371 145 399 ne
170 357 434 410 inpedimento
461 362 583 404 esset,
609 369 686 408 quo
715 357 846 397 minus
868 357 1023 397 comitia
1043 359 1234 408 praetoris
1256 359 1295 398 in
1316 359 1446 400 locum
1469 359 1508 399 C.

93 414 238 455 Decimi
265 413 504 464 subrogandi
524 426 544 452 e
565 413 648 464 lege
669 414 917 454 haberentur.
959 413 1087 465 agenti
1108 415 1260 454 consuli
1282 429 1326 454 ex
1347 421 1505 456 senatus
1536 419 1556 452 8

93 470 273 510 consulto
294 470 499 522 respondit
513 470 672 510 Flaccus
688 470 784 510 nihil
801 470 971 522 quidem,
990 483 1032 510 se
1049 471 1152 522 quod
1170 471 1373 522 indignum
1391 479 1506 518 esset,

91 527 297 567 facturum.
330 527 458 566 medio
475 539 670 578 responso
689 527 736 566 ad
753 527 990 567 voluntatem
1006 527 1350 579 interpretantibus
1367 529 1509 569 fecerat

92 596 204 635 spem
232 596 434 623 cessurum
462 588 618 636 patrum
644 584 863 624 auctoritati
890 597 987 623 esse.
1041 584 1207 623 comitiis
1237 584 1363 624 acrius
1394 585 1508 625 etiam
1537 591 1557 623 9

93 653 209 692 quam
230 645 318 680 ante
337 640 493 692 petebat
513 640 755 680 criminando
773 641 993 692 extorqueri
1012 640 1086 680 sibi
1104 653 1124 680 a
1141 641 1301 681 consule
1318 646 1355 680 et
1371 647 1509 682 senatu

91 697 226 750 populi
241 696 408 737 Romani
423 696 652 736 beneficium
669 702 707 736 et
721 697 902 736 invidiam
919 697 1002 736 fieri
1019 697 1201 749 geminati
1216 698 1394 743 honoris,
1406 703 1507 738 tam-

93 766 211 804 quam
231 766 313 793 non
329 754 541 806 adpareret,
559 753 623 793 ubi
644 754 868 805 designatus
886 759 1045 805 praetor
1059 759 1175 801 esset,
1192 755 1387 807 extemplo
1405 755 1509 794 aedi-

91 809 194 849 litate
210 823 252 849 se
267 810 547 850 abdicaturum.
580 811 717 850 consul
734 823 821 851 cum
839 816 876 850 et
892 811 1143 862 pertinaciam
1155 811 1321 862 petentis
1335 824 1509 852 crescere
1539 818 1580 850 10

92 872 130 906 et
149 867 320 906 favorem
342 867 477 919 populi
497 867 618 918 magis
640 868 841 919 magisque
862 868 901 907 iu
924 881 1012 907 eum
1034 867 1209 907 inclinari
1232 873 1423 916 cerneret,
1445 868 1508 908 di-

91 923 222 962 missis
240 923 406 963 comitiis
425 929 604 963 senatum
620 925 780 963 vocavit.
817 930 1053 964 censuerunt
1066 924 1301 977 frequentes,
1320 925 1507 976 quoniam

91 979 270 1019 Flaccum
287 980 493 1020 auctoritas
511 985 666 1032 patrum
682 981 777 1020 nihil
788 982 991 1029 movisset,
1005 981 1050 1020 ad
1064 982 1254 1033 populum
1267 994 1355 1021 cum
1369 982 1505 1022 Flacco

92 1037 298 1087 agendum.
341 1037 521 1076 contione
542 1037 723 1077 advocata
745 1050 831 1077 cum
857 1038 1001 1089 egisset
1017 1038 1166 1086 consul,
1182 1050 1232 1077 ne
1248 1043 1332 1078 tum
1350 1038 1506 1090 quidem
1538 1045 1576 1077 11

93 1092 140 1131 de
161 1093 349 1133 sententia
370 1099 502 1133 motus
524 1095 664 1144 gratias
687 1095 833 1146 populo
856 1095 1035 1134 Romano
1059 1094 1145 1146 egit,
1168 1095 1272 1146 quod
1295 1100 1403 1134 tanto
1422 1100 1507 1135 stu-

94 1148 178 1196 dio,
205 1150 552 1201 quotienscumque
573 1151 823 1189 declarandae
843 1151 1052 1190 voluntatis
1074 1156 1248 1202 potestas
1269 1152 1368 1191 facta
1390 1157 1507 1200 esset,

93 1210 312 1256 praetorem
335 1218 377 1244 se
397 1206 581 1245 voluisset
594 1206 737 1255 facere3
754 1220 797 1246 ea
815 1207 887 1246 sibi
905 1207 1029 1246 studia
1048 1207 1186 1247 civium
1204 1220 1367 1248 suorum
1386 1208 1505 1248 desti·
1537 1214 1579 1247 12

92 1266 202 1300 tuere
222 1273 302 1301 non
325 1275 410 1301 esse
430 1262 469 1301 in
492 1262 635 1301 animo.
677 1264 772 1302 haec
792 1276 881 1303 vero
903 1269 982 1303 tam
1005 1263 1198 1304 obstinata
1214 1278 1288 1304 vox
1304 1270 1453 1304 tantum
1471 1265 1506 1304 ei

91 1317 264 1356 favorem
287 1318 472 1365 accendit,
495 1323 538 1358 ut
552 1319 654 1358 haud
671 1319 810 1359 dubius
828 1324 986 1371 praetor
1002 1324 1116 1367 esset,
1133 1321 1165 1359 si
1183 1321 1321 1360 consul
1336 1321 1508 1372 accipere

92 1385 236 1414 nomen
262 1374 383 1414 vellet.
424 1375 560 1426 ingens
582 1380 778 1415 certamen
797 1376 965 1416 tribunis
988 1382 1024 1416 et
1045 1376 1143 1416 inter
1164 1390 1206 1416 se
1225 1377 1336 1429 ipsos
1359 1383 1396 1417 et
1416 1390 1505 1417 cum
1536 1383 1576 1417 13

93 1508 114 1552 ξ
136 1509 190 1540 14:
209 1521 225 1541 e
243 1509 385 1552 legibus.

140 1554 226 1587 7-9.
252 1558 382 1597 ageret,
401 1566 437 1587 es
455 1557 538 1588 wird
554 1561 625 1589 erst
638 1557 689 1588 cin
704 1566 761 1597 ge-

91 1600 238 1632 linderes
257 1600 367 1632 Mittel
391 1603 566 1643 versucht,
593 1602 682 1634 nicht
706 1612 760 1634 so-

91 1645 197 1686 gleich
224 1645 390 1678 iill'entlich
421 1647 693 1687 eingeschritten.
717 1666 761 1670 ——

93 1700 156 1731 quo
171 1691 254 1722 min.
273 1692 361 1723 steht
378 1691 449 1723 hier
466 1694 546 1724 nach
562 1693 633 1724 dem
649 1693 761 1732 negir-

94 1739 148 1765 ten
168 1735 338 1777 impcdt'm.
357 1747 441 1776 esse,
467 1747 516 1768 wo
536 1737 572 1769 L.
593 1742 687 1769 sonst
704 1747 761 1777 ge-

94 1779 257 1811 wiihnlieh
274 1791 316 1812 ue
340 1780 489 1822 bremont,
510 1781 530 1824 ξ
552 1782 602 1822 14,
627 1782 703 1813 weil
720 1793 761 1814 nc

94 1825 194 1856 sehon
219 1826 433 1865 vorausgeht.
458 1844 502 1849 —
522 1829 692 1870 praetori-s·
720 1839 760 1867 s.,

92 1869 517 1911 §14341,17,5;3‚19,
537 1872 575 1911 2;
601 1872 632 1913 6,
651 1871 704 1910 39,
723 1873 758 1911 5;

97 1915 147 1953 10,
171 1914 257 1957 11‚3
276 1926 306 1946 u.
330 1925 372 1954 a.,
398 1921 492 1948 sonst
515 1918 595 1948 auch
621 1919 680 1948 ‹ler
697 1917 761 1949 Da-

93 1961 151 1992 tiv.
170 1977 214 1983 —
230 1971 267 1992 se
284 1961 381 2002 wird,
401 1962 439 1993 dn
458 1973 532 1994 csse
549 1961 643 2001 fehlt,
662 1973 687 1994 s.
706 1962 760 2003 41,

96 2005 147 2045 10,
163 2005 180 2036 7
193 2015 201 2044 3
216 2005 269 2047 28,
284 2005 337 2046 23,
352 2005 382 2048 ὓ,
399 2006 516 2039 besser
529 2019 570 2039 zu
582 2007 760 2049 1'nd1gvmm

93 2060 296 2091 genommen.
330 2069 374 2075 —
411 2052 521 2085 medio
554 2068 575 2080 =
607 2055 760 2097 ancipiti,

92 2097 213 2127 anders
232 2107 259 2128 c.
278 2096 330 2139 29,
348 2097 376 2129 1.
393 2115 437 2121 —
454 2098 500 2130 ad
513 2099 577 2131 vol.
599 2110 630 2130 n.
650 2109 761 2138 suam,

93 2141 158 2172 wie
182 2152 227 2174 σω
250 2142 432 2174 voluntate.
456 2161 499 2167 —
521 2145 676 2183 comitiis,
706 2143 760 2183 31,

95 2187 147 2225 50,
165 2185 196 2226 6,
215 2187 296 2219 ohne
310 2187 379 2220 sed.
395 2189 656 2231 —1‘nz'1'd.,z,¹·em.
671 2190 760 2230 hon„

93 2241 207 2270 wegen
242 2232 301 2263 der
338 2233 513 2276 doppelten
547 2235 761 2267 Ehrenstellc

93 2277 204 2308 werde
233 2276 317 2308 Hass
345 2288 449 2318 gegen
480 2280 532 2310 ihu
563 2285 687 2321 erregt.
716 2298 760 2303 -—-

93 2321 274 2364 designat„
292 2323 331 2354 da
350 2324 401 2355 dic
421 2323 521 2356 wahl
541 2326 619 2357 nach
646 2326 760 2366 gchal-

94 2371 192 2398 tenen
222 2367 398 2409 Auspicien
428 2369 603 2411 vollzogen
635 2371 692 2412 ist,
724 2381 760 2402 so

93 2422 183 2444 mnss
202 2412 259 2443 dns
280 2414 363 2455 Anii,
389 2414 537 2453 obgleich
563 2416 644 2447 noch
671 2417 762 2448 nicht

94 2462 304 2498 ange-treton,
342 2458 491 2491 siirmlich
534 2461 763 2502 niedcrgelegt

94 2503 247 2541 werden,
265 2504 324 2535 der
338 2504 409 2536 Fan
425 2505 552 2537 schcint
566 2512 660 2538 sonst
675 2507 763 2538 nicht

95 2548 350 2589 vorgekounuen
371 2561 411 2581 zu
435 2551 518 2591 scin,
541 2551 666 2583 Becker
680 2553 710 2593 2,
731 2552 760 2590 2,

96 2593 156 2631 503
190 2593 312 2635 Lange,
348 2594 377 2634 1,
407 2596 482 2627 521.
519 2615 560 2619 —
591 2598 760 2641 ‹nv-templo

97 2639 176 2670 nach
200 2640 259 2671 ubi
281 2640 342 2671 wic
367 2641 418 2682 22,
451 2642 503 2681 64),
538 2641 564 2674 1.
601 2643 664 2675 Das
691 2644 761 2675 hier

835 1511 975 1543 Erziilte
1004 1511 1050 1543 ist
1077 1512 1108 1543 in
1134 1511 1316 1545 Contionen
1348 1524 1410 1545 vor
1432 1514 1506 1546 dem

835 1556 1015 1598 &Vahltage
1050 1558 1131 1589 oder
1160 1557 1337 1590 VVahlacte
1366 1560 1507 1599 gesche-

833 1602 908 1642 hen,
927 1601 981 1642 31,
1002 1603 1030 1642 7,
1053 1603 1086 1642 1;
1106 1602 1165 1635 auf
1178 1604 1236 1635 das
1249 1603 1394 1636 letztere
1409 1605 1508 1636 weist

834 1647 984 1679 dimissis
1002 1648 1067 1678 hin.

883 1692 1012 1724 10—15.
1038 1692 1173 1724 dt'mt'ss.
1191 1703 1275 1726 com.
1289 1694 1353 1725 soll
1368 1694 1430 1726 wol
1445 1705 1507 1727 nur

834 1738 985 1778 heissen,
1009 1738 1068 1768 das
1087 1748 1128 1769 zu
1147 1739 1207 1769 den
1227 1737 1388 1771 Comitien
1406 1739 1506 1772 beru-

834 1781 908 1814 fcne
932 1782 1019 1815 Volk
1051 1783 1165 1814 wurde
1195 1784 1276 1816 nach
1307 1785 1366 1816 der
1395 1786 1506 1817 contio

834 1828 960 1859 wieder
977 1828 1159 1868 entlassen,
1178 1829 1268 1860 nicht
1282 1830 1358 1861 dass
1373 1831 1425 1862 dic
1440 1831 1508 1862 Ab·

835 1873 1013 1913 stimmung
1064 1874 1164 1905 sehon
1215 1874 1384 1914 begonnen
1432 1876 1505 1913 hat3

835 1919 991 1950 nachdem
1010 1919 1069 1950 der
1082 1918 1186 1950 Senat
1204 1918 1335 1959 befragt
1349 1921 1403 1961 ist,
1421 1922 1505 1953 wird

834 1963 907 1994 eine
943 1974 1026 1995 neue
1056 1965 1165 1995 contio
1194 1965 1361 2004 gehalten.
1391 1984 1434 1990 —
1463 1966 1509 1999 ad

832 2019 919 2051 pop.,
939 2019 1000 2040 vor
1014 2010 1085 2040 dem
1101 2009 1219 2049 Volke,
1234 2020 1304 2041 was
1319 2011 1409 2043 nicht
1423 2012 1506 2044 ohne

834 2053 935 2085 liiii-te
962 2065 1002 2085 zu
1027 2057 1155 2096 egisset
1174 2056 1300 2087 wieder
1317 2067 1357 2087 zu
1377 2057 1505 2089 denken

834 2099 896 2137 ἱεῖς
926 2104 1031 2131 etwas
1056 2100 1208 2132 Anderes
1233 2101 1325 2133 wiire
1348 2112 1423 2134 cum
1446 2113 1507 2146 po·

831 2144 911 2188 pulo
935 2155 1050 2186 agere.
1074 2163 1119 2168 —
1140 2157 1182 2177 ne
1205 2149 1277 2178 tum
1297 2158 1326 2189 q.
1351 2148 1508 2180 schliesst

834 2190 903 2221 sich
921 2195 1016 2222 sonst
1036 2191 1115 2222 cher
1128 2201 1167 2222 an
1184 2192 1244 2223 den
1259 2192 1324 2224 abl.
1340 2192 1409 2225 abs.
1425 2193 1507 2225 oder

833 2235 892 2267 das
924 2235 1046 2267 Partic.
1079 2246 1137 2274 an,
1173 2237 1245 2269 hier
1276 2248 1316 2269 an
1349 2238 1410 2270 den
1447 2239 1507 2270 der

834 2280 1213 2323 l'articipialconst¹·uct.
1237 2282 1413 2323 folgenden
1438 2283 1506 2315 Nc-

834 2326 990 2366 bensatz,
1013 2327 1079 2367 vgl.
1099 2326 1158 2365 37,
1177 2327 1236 2368 24,
1259 2328 1315 2367 113
1340 2329 1381 2359 il).
1401 2328 1454 2367 32,
1474 2329 1504 2360 7.

834 2389 874 2394 ——-
891 2374 1073 2414 quotie-nse.
1089 2372 1167 2404 dccl.
1183 2378 1258 2413 etc.‚
1275 2374 1340 2413 vgl.
1356 2372 1504 2405 (Jic.Mil.

835 2416 893 2455 35,
919 2416 972 2450 96.
1001 2436 1044 2441 -
1075 2420 1210 2459 obstin„
1239 2429 1298 2449 aus
1327 2419 1386 2449 der
1413 2419 1504 2450 seinv.

835 2462 1111 2503 llarluiirkigkcit
1173 2464 1405 2502 nervon-giving.
1461 2482 1502 2486 -ω

834 2507 926 2539 hand
938 2507 1025 2550 duh„
1041 2509 1069 2548 4,
1087 2509 1140 2547 53,
1164 2508 1212 2539 153.
1227 2526 1270 2530 —
1283 2519 1372 2539 noni.
1387 2510 1504 2553 accip„

833 2563 883 2584 nin
899 2554 1176 2585 cuits‹·li‹·iileml‹·n
1187 2552 1288 2594 'l¹:1g‹·,
1304 2554 1375 2585 dem
1387 2553 1504 2586 Wuhl-

835 2603 910 2638 tage
935 2599 1091 2630 Slimmen
1119 2596 1171 2628 l'iir
1195 2598 1246 2628 ihu
1271 2599 1442 2631 unniihine.
1460 2617 1505 2623 ·—

1151 2653 1177 2674 c.
1196 2643 1255 2683 ⁴10,
1275 2644 1311 2682 43
1340 2644 1370 2683 2,
1389 2644 1448 2685 42,
1468 2646 1503 2677 9:

835 2646 923 2676 iulet·
946 2656 982 2675 sc·
998 2647 1080 2687 ips.,
1105 2653 1129 2674 ε.
