1712 2825
655 163 782 197 LIBER
806 163 958 196 XXXX.
1007 163 1099 196 CAP.
1125 163 1180 196 35.
1460 181 1486 198 a.
1508 162 1535 199 u.
1555 174 1619 200 574.

219 167 297 206 170

166 274 186 306 3
329 266 522 318 Principio
544 266 625 305 eius
646 266 750 314 anni,
772 279 848 318 quo
866 267 908 305 A.
927 266 1152 306 Postumius
1170 265 1329 305 Albinus
1346 271 1384 305 et
1399 266 1438 305 C.
1457 266 1621 318 Calpur-

214 325 303 363 nius
325 324 415 363 Piso
438 324 619 363 consules
640 323 816 370 fuerunt,
844 323 889 362 ab
911 325 954 361 A.
977 323 1179 362 Postumio
1202 323 1362 362 consule
1382 323 1421 361 in
1443 330 1620 362 senatum

213 381 423 420 introducti
445 380 509 432 qui
532 393 577 418 ex
601 380 783 431 Hispania
806 380 980 419 citeriore
1001 385 1183 418 venerant
1203 393 1223 418 a
1246 380 1290 427 Q.
1313 378 1448 418 Fulvio
1470 379 1619 426 Flacco,

213 438 254 477 L.
277 437 466 476 Minucius
488 437 633 487 legatus
656 443 694 476 et
714 437 790 475 duo
812 436 955 475 tribuni
977 436 1152 483 militum,
1177 436 1220 474 T.
1239 437 1410 475 Maenius
1433 441 1470 475 et
1485 436 1526 475 L.
1544 436 1621 475 Te-

163 501 185 533 4
213 495 361 534 rentius
383 494 603 533 Massiliota.
646 493 684 532 hi
706 506 792 532 cum
815 493 890 531 duo
913 493 1081 531 secunda
1103 492 1257 544 proelia,
1279 493 1514 532 deditionem
1538 492 1620 532 Cel-

212 551 385 597 tiberiae,
417 550 631 590 confectam
653 550 895 601 provinciam
916 549 1162 588 nuntiassent
1182 561 1254 587 nec
1273 549 1487 600 stipendi0‚
1516 549 1620 601 quod

212 608 311 646 mitti
334 607 494 656 soleret,
517 619 588 645 nec
607 606 803 645 frumento
827 611 980 656 portato
1003 606 1049 644 ad
1072 606 1279 644 exereitum
1303 606 1342 644 in
1363 618 1452 644 eum
1474 617 1619 645 annum

165 675 184 705 5
214 677 314 715 opus
337 677 445 710 esse,
475 663 668 715 petierunt
688 662 733 701 ab
757 667 895 701 senatu
916 662 1104 714 primum,
1127 662 1176 701 ob
1199 675 1261 701 res
1283 674 1474 713 prospere
1493 667 1620 713 gestas

164 730 184 761 6
214 726 254 759 ut
275 721 346 760 diis
368 719 639 759 inmortalibus
661 720 789 758 honos
811 719 1032 765 haberetur,
1061 719 1200 758 deinde
1220 724 1262 758 ut
1284 719 1328 766 Q.
1351 718 1485 758 Fulvio
1507 719 1620 758 dece—

213 777 316 816 denti
338 777 384 816 de
405 777 603 828 provincia
625 777 830 827 deportare
851 776 939 815 inde
960 775 1181 821 exercitum,
1205 776 1312 815 cuius
1333 775 1423 815 forti
1445 788 1563 826 opera
1584 781 1622 815 et

213 835 296 885 ipse
326 839 362 872 et
388 833 498 872 multi
524 838 611 872 aute
632 846 719 871 euin
742 838 941 884 praetores
962 832 1023 871 usi
1046 838 1194 878 essent,
1222 832 1372 879 liceret3
1401 832 1503 884 quod
1525 832 1619 879 fieri,

164 902 181 933 7
213 896 479 942 praeterquam
501 889 604 941 quod
626 889 676 929 ita
698 890 861 936 deberet,
882 890 996 928 etiam
1019 901 1141 940 prope
1161 889 1423 928 necessarium
1442 901 1547 928 esse:
1568 888 1619 928 ita

212 948 314 986 enim
338 947 555 985 obstinatos
579 959 664 985 esse
686 946 843 992 milites,
866 951 907 984 ut
927 958 1006 985 non
1028 946 1126 984 ultra
1147 945 1302 984 retineri
1325 958 1442 996 posse
1463 945 1501 984 in
1523 957 1619 996 pro-

209 1004 330 1043 vincia
352 1004 587 1048 viderentur,
617 1003 845 1053 iniussuque
866 1002 1004 1041 abituri
1025 1002 1113 1041 inde
1134 1007 1276 1049 essent,
1297 1002 1329 1040 si
1350 1014 1428 1041 non
1450 1002 1619 1041 dimitte—

209 1066 361 1103 rentur,
391 1065 454 1099 aut
475 1060 513 1098 in
535 1059 806 1110 perniciosam,
829 1059 860 1097 si
882 1059 967 1110 quis
991 1060 1155 1110 inpense
1175 1060 1366 1106 retineret,
1388 1058 1618 1097 seditionem

161 1129 180 1161 8
209 1117 392 1156 exarsuri.
433 1115 658 1155 consulibus
687 1115 876 1154 ambobus
907 1115 1142 1166 provinciam
1172 1115 1332 1166 Ligures
1355 1127 1441 1153 esse
1462 1120 1620 1154 senatus

212 1174 336 1213 iussit.
370 1178 568 1225 praetores
585 1173 674 1210 inde
690 1172 815 1211 sortiti
833 1177 941 1211 sunt:
964 1173 1005 1210 Α.
1025 1171 1189 1210 Hostilio
1206 1171 1361 1217 urbana,
1381 1171 1437 1211 Ti.
1455 1171 1620 1210 Minucio

162 1241 181 1273 9
210 1231 410 1281 peregrina
433 1229 601 1273 obvenit,
624 1229 665 1267 P.
686 1229 861 1267 Cornelio
880 1228 1018 1275 Sicilia,
1035 1229 1074 1267 C.
1093 1229 1238 1266 Maenio
1258 1228 1453 1274 Sardinia3
1476 1228 1620 1279 Hispa-

211 1288 293 1326 nias
316 1286 443 1326 sortiti
466 1287 505 1324 L.
528 1285 754 1324 Postumius
778 1285 1013 1329 ulteriorem,
1032 1285 1089 1323 Ti.
1110 1284 1366 1335 Sempronius
1388 1284 1619 1324 citeriorem.

141 1351 181 1383 10
210 1345 242 1382 is
271 1344 358 1394 quia
388 1354 641 1382 successurus
664 1342 708 1388 Q.
733 1342 863 1380 Fulvio
891 1347 987 1386 erat,
1017 1353 1063 1380 ne
1091 1347 1215 1380 vetere
1236 1341 1400 1380 exercitu
1423 1341 1620 1392 provincia

210 1401 461 1451 spoliaretur,
492 1402 700 1449 „quaero“
723 1398 847 1449 inquit
869 1398 947 1444 „de
968 1403 1023 1443 te,
1047 1399 1087 1437 L.
1112 1398 1268 1443 Minuci,
1292 1410 1379 1436 cum
1402 1398 1618 1437 confectam

210 1456 446 1507 provinciam
469 1455 638 1499 nunties,
662 1454 908 1493 existimesne
930 1454 1138 1493 Celtiberos
1156 1460 1342 1505 perpetuo
1362 1454 1398 1492 in
1417 1454 1491 1493 fide
1507 1466 1619 1493 man-

140 1521 177 1554 11
210 1525 338 1560 suros,
363 1513 411 1551 ita
435 1518 475 1551 ut
497 1512 579 1550 sine
600 1511 766 1550 exercitu
788 1524 828 1549 ea
851 1511 1046 1562 provincia
1070 1510 1231 1549 obtineri
1255 1509 1410 1562 possit?
1441 1511 1474 1549 si
1495 1522 1619 1561 neque

211 1570 255 1608 de
278 1569 351 1608 fide
372 1569 625 1608 barbarorum
649 1568 852 1619 quicquam
875 1568 1045 1618 recipere
1062 1574 1127 1606 aut
1142 1567 1344 1605 adfirmare
1361 1566 1473 1605 nobis
1491 1572 1615 1617 potes,

209 1632 246 1666 et
267 1626 486 1665 habendum
510 1625 586 1663 illic
607 1625 735 1674 utique
757 1624 964 1663 exercitum
988 1635 1135 1671 censes,
1157 1628 1288 1662 utrum
1311 1623 1467 1662 tandem
1484 1629 1619 1662 auctor

208 1683 355 1722 senatui
386 1683 439 1720 sis
468 1682 781 1733 supplementum
813 1681 851 1719 in
874 1680 1098 1732 Hispaniam
1128 1679 1327 1726 mittendi,
1360 1685 1400 1718 ut
1428 1679 1451 1718 ii
1483 1679 1615 1726 modo,

208 1831 308 1870 mula,
328 1829 380 1869 23,
400 1829 453 1868 34,
476 1830 535 1867 10;
555 1829 606 1864 36,
626 1829 656 1866 2,
673 1829 709 1865 ὃς
729 1829 874 1869 dagegen

209 1878 330 1907 kommt
345 1876 405 1906 der
419 1875 564 1906 Zuname
580 1874 768 1906 Molliculus
783 1874 874 1905 viell.

948 1839 1108 1872 a.e.p1·.,
1127 1839 1153 1859 s.
1174 1827 1215 1858 39
1229 1852 1236 1866 ,
1261 1825 1320 1867 38,
1348 1825 1397 1858 12.
1416 1844 1458 1849 —
1476 1828 1526 1858 ita
1541 1825 1615 1858 deb.

951 1875 1043 1905 weist
1075 1872 1133 1904 auf
1152 1873 1238 1915 fieri
1265 1871 1401 1909 zuriick,
1435 1880 1503 1903 was
1531 1871 1613 1903 auch

210 1933 270 1952 nur
285 1922 356 1952 hier
371 1932 441 1951 vor.
456 1939 493 1942 —
513 1922 538 1951 ῐί
550 1925 625 1958 etc„
641 1920 703 1950 wie
717 1920 875 1959 gewb'lin-
950 1919 1075 1949 wieder
1103 1918 1242 1957 gedue-lit
1267 1917 1399 1947 werden
1425 1915 1523 1955 kann,
1553 1916 1614 1947 ob-

209 1967 283 1997 lictu.
303 1984 346 1988 —
363 1967 530 2006 magistr„
550 1965 603 2003 35,
619 1965 672 2002 3⁰,
686 1965 722 1995 4:
741 1974 874 2006 prorae.
949 1964 1054 2002 gleirh
1074 1973 1109 1993 os
1129 1963 1216 1992 nicht
1234 1961 1443 2001 nothwendig
1461 1962 1521 2001 ist,
1545 1962 1613 2002 vgl.

255 2012 272 2040 3
287 2011 343 2041 -Τ,
376 2011 504 2047 Fulvio,
529 2021 554 2041 c.
584 2010 636 2040 30.
656 2027 700 2031 —
728 2009 834 2040 ,ilat-n.
856 2027 875 2030 —
950 2011 978 2050 S,
997 2010 1026 2045 9,
1045 2010 1080 2039 9:
1098 2008 1177 2038 faam-
1198 2010 1245 2038 ιἸα
1259 2010 1435 2050 precatum
1464 2006 1491 2046 l,
1511 2006 1564 2046 55,
1583 2006 1614 2038 6.

213 2056 357 2094 Terent„
381 2066 558 2093 gcwesene
577 2054 748 2089 Priitorvn,
776 2065 802 2084 s.
821 2054 874 2090 33,
950 2073 988 2075 —
1009 2055 1056 2084 ila
1076 2054 1157 2091 obs„
1177 2053 1242 2092 vgl.
1261 2051 1314 2088 42,
1334 2052 1387 2091 65,
1410 2052 1442 2082 11
1458 2062 1466 2090 ;
1485 2053 1542 2093 ita,
1560 2051 1612 2094 30,

210 2102 273 2137 -12ς
294 2101 344 2141 39,
365 2102 395 2131 (i.
414 2119 454 2123 -—-
474 2100 539 2131 duo
558 2112 585 2131 s.
602 2099 719 2143 prael„
739 2100 801 2130 wol
820 2099 872 2129 die

208 2157 236 2178 r.
255 2145 326 2177 30f.
346 2156 375 2176 u.
396 2146 436 2174 33
461 2146 664 2181 eruiilintvn,
690 2145 741 2175 die
766 2156 792 2175 υ.
823 2144 870 2182 lli,

208 2196 226 2217 Ν
245 2190 478 2229 angegebcncn
498 2191 584 2221 dura
603 2191 730 2232 aliquot
745 2189 874 2232 proelia

208 2237 279 2268 sind
306 2236 527 2273 iibergnngvn.
554 2254 596 2258 —-
621 2237 785 2277 consentu,
816 2245 872 2274 gi·-

208 2294 268 2320 gen
300 2292 326 2312 (⁸.
359 2281 417 2317 33,
456 2283 491 2317 1),
527 2281 592 2319 vgl.
626 2292 651 2311 c.
685 2282 743 2315 39,
776 2282 806 2311 2.
831 2298 875 2302 —

207 2330 358 2372 portatu,
405 2336 455 2357 uni
499 2325 770 2359 abzuworhsvlnz
817 2326 875 2355 ‹lt-r

210 2373 309 2411 lirivg
334 2372 415 2402 wird
440 2371 559 2401 :indi-rs
583 2370 713 2408 genitu-t
740 2371 788 2400 :ils
809 2380 870 2400 von

207 2419 304 2454 (lato,
331 2428 357 2449 s,
383 2417 441 2454 3-1,
467 2417 497 2453 l),
533 2417 581 2452 12,
608 2416 669 2445 und
700 2416 741 2446 ist
772 2416 874 2445 dalwi-

208 2462 416 2504 kostspiaedig,
435 2472 460 2492 s.
482 2460 660 2492 Mommsen
688 2460 710 2499 1,
736 2460 810 2490 ϋῖὶ).
830 2478 872 2482 ——-

209 2509 314 2539 hotias
339 2512 414 2543 vic,
441 2517 466 2536 s,
494 2506 545 2543 Η,
571 2506 600 2544 Γ»,
627 2506 657 2536 ·1.
683 2523 723 2527 -—
748 2505 872 2545 ‹lau-mh,

210 2554 262 2589 23,
280 2553 333 2591 31,
356 2553 411 2591 1ος
439 2551 491 2587 32,
517 2551 545 2585 7,
570 2550 600 2581 4.
619 2551 784 2592 —sm·!1'‚
809 2549 871 2579 wie

210 2610 235 2629 r.
255 2598 308 2635 315,
334 2598 382 2635 11,
399 2597 463 2637 vgl.
489 2597 541 2638 22,
567 2596 618 2634 bl),
643 2596 695 2627 2⁴).
716 2613 756 2617 —
776 2594 874 2626 mulli

948 2099 1000 2134 32,
1025 2099 1072 2129 11.
1086 2116 1130 2120 —
1143 2109 1278 2128 neeesse
1296 2108 1368 2128 esse
1386 2097 1430 2128 ist
1444 2097 1615 2129 nothwen-

947 2145 1011 2182 dig,
1037 2144 1185 2181 obglvirli
1205 2143 1256 2174 dic
1277 2143 1349 2173 Hss.
1375 2145 1465 2173 esset
1489 2141 1610 2181 habam

948 2190 1028 2220 iiber
1067 2189 1123 2219 dus
1163 2188 1369 2228 zweimalige
1408 2198 1482 2219 esse
1519 2197 1545 2219 s.
1584 2198 1611 2219 c.

993 2281 1011 2308 ἱ)
1053 2279 1102 2309 12.
1128 2279 1319 2322 llis-panias,
1345 2287 1370 2308 s.
1390 2288 1417 2309 c.
1445 2276 1472 2316 1,
1499 2277 1536 2316 23
1560 2276 1612 2308 dio

948 2324 1025 2363 fulg.
1054 2324 1288 2363 erbnndlung
1312 2323 1373 2354 wie
1395 2322 1447 2361 39,
1473 2321 1525 2359 38,
1550 2321 1611 2353 Sis.

947 2388 982 2392 -—
1004 2369 1138 2408 ,ilium-i,
1157 2370 1216 2400 der
1232 2369 1281 2400 uls
1297 2368 1426 2407 legatus
1438 2367 1495 2398 dns
1511 2366 1613 2398 Wort

946 2414 1077 2452 gosuini-t
1097 2416 1161 2446 luit.
1179 2432 1222 2437 —
1240 2415 1388 2456 recipere
1405 2422 1434 2443 n.
1453 2413 1486 2442 in
1511 2413 1559 2449 Ie.
1582 2422 1610 2444 s.

946 2461 998 2498 232»,
1019 2460 1071 2492 47.
1092 2461 1106 2488 Τ
1121 2484 1128 2497 ,
1154 2470 1193 2489 zu
1213 2459 1265 2497 33,
1295 2457 1343 2496 13,
1369 2456 1426 2490 15:
1451 2456 1519 2488 Cic.
1539 2458 1608 2489 Att.

951 2505 999 2541 13,
1023 2505 1049 2543 1,
1068 2506 1104 2535 2:
1130 2506 1283 2546 qnoniam
1304 2502 1344 2533 de
1359 2505 1490 2533 aestate
1511 2501 1610 2545 polli-

945 2552 1028 2580 ecert's
1056 2550 1105 2580 ιϊΙ
1128 2551 1244 2591 potins
1267 2549 1398 2591 recipis.
1417 2565 1461 2570 —-
1483 2549 1572 2578 auct.
1590 2565 1611 2570 -

944 2595 1110 2634 minandi,
1129 2604 1154 2625 s,
1173 2594 1203 2633 7,
1223 2594 1275 2631 23,
1299 2593 1328 2632 4,
1355 2603 1394 2624 zu
1413 2592 1467 2632 35,
1492 2591 1546 2633 25,
1571 2592 1610 2631 5;
