1712 2825
462 207 590 241 LIBER
606 207 788 241 XXXXlI.
831 207 924 241 CAP.
947 208 997 241 12.
1020 209 1071 241 13.

62 227 88 246 a.
110 219 164 246 ch.
185 221 246 246 172.
1386 211 1465 250 291

65 314 120 354 cis
142 325 229 354 cum
249 313 393 353 Perseo
416 311 553 351 foedus
581 311 747 351 incisum
768 311 906 351 litteris
928 324 1033 358 esse,
1056 323 1136 351 uno
1160 312 1323 360 Thebis,
1344 312 1462 352 altero
1497 320 1517 352 6

61 371 108 411 ad
124 371 270 416 Delum,
290 369 580 420 augustissumo
599 373 635 408 et
651 369 914 409 celeberrumo
931 368 1146 421 intemp10‚
1164 370 1277 408 tertio
1295 369 1464 421 Delphis.

61 427 99 467 in
119 427 283 466 Achaico
305 426 466 466 concilio
488 438 579 465 vero
601 426 676 465 nisi
699 427 877 467 discussa
897 439 958 466 res
980 438 1051 477 per
1070 437 1218 476 paucos
1241 426 1461 466 Romanum

60 483 266 535 imperium
295 482 522 523 intentantis
550 487 672 531 esset,
702 496 747 523 eo
777 496 860 523 rem
881 496 1006 535 prope
1027 483 1254 530 adductam,
1277 488 1320 522 ut
1341 483 1467 522 aditus

61 538 95 579 ei
121 539 162 578 in
188 539 370 579 Achaiam
401 540 567 580 daretur.
610 545 647 580 at
673 540 828 580 hercule
856 553 949 580 suos
978 541 1172 589 honores,
1203 539 1311 579 cuius
1332 540 1468 579 merita
1498 550 1515 582 7

60 596 100 635 in
121 608 205 635 eam
228 601 380 647 gentem
403 596 582 650 privatim
605 609 653 636 an
676 598 826 649 publice
857 598 936 637 sint
956 598 1117 645 maiora,
1139 597 1200 636 vix
1222 596 1294 636 dici
1315 602 1465 648 posset,

40 653 200 705 ,partim
223 653 398 694 desertos
430 667 500 706 per
520 654 707 694 incultum
730 668 773 694 ac
792 654 1094 707 neglegentiam,
1115 653 1255 706 partim
1276 653 1469 693 hostiliter

61 709 234 750 sublatos
256 723 356 750 esse.
397 711 474 751 iam
501 711 659 750 Aetolos
687 725 801 763 quem
832 712 1010 763 ignorare
1038 712 1077 750 in
1106 710 1363 750 seditionibus
1386 711 1468 750 suis

60 778 141 806 non
173 767 220 807 ab
250 767 452 815 Romanis,
487 769 555 807 sed
588 781 607 807 a
635 769 780 808 Perseo
810 768 1049 820 praesidium
1077 766 1255 820 petisse?
1289 767 1350 807 his
1379 780 1466 807 euni
1498 778 1517 810 8

59 823 197 864 fultum
239 825 487 864 societatibus
526 829 638 876 atque
676 825 853 865 amicitiis
885 839 952 865 eos
992 825 1229 865 domesticos
1261 830 1468 877 apparatus

59 880 149 921 belli
169 881 323 932 habere,
344 887 386 921 ut
408 882 574 921 externis
596 894 675 921 non
695 888 814 934 egeat.
854 883 1009 934 triginta
1027 882 1128 921 milia
1147 882 1335 934 peditum,
1353 885 1467 934 quin—

60 950 135 989 que
155 938 256 978 milia
279 939 470 991 equitum,
494 939 531 978 in
555 939 687 979 decem
711 952 836 979 annos
862 941 1101 980 frumentum
1133 951 1405 991 praeparasse,
1427 945 1469 978 ut

56 994 248 1035 abstinere
269 1000 307 1035 et
327 1008 400 1035 suo
423 1001 460 1036 et
480 996 652 1036 hostium
675 1009 766 1048 agro
788 996 1051 1037 frumentandi
1075 1009 1189 1036 causa
1210 996 1348 1047 possit.
1389 997 1465 1035 iam
1498 1008 1516 1039 9

56 1053 260 1103 pecuniam
280 1057 427 1092 tantam
449 1053 605 1101 habere,
628 1058 670 1093 ut
691 1054 823 1093 decem
839 1054 996 1093 milibus
1015 1053 1373 1092 mercennariorum
1391 1052 1466 1092 mi-

57 1108 165 1149 litum
196 1114 347 1161 praeter
377 1109 631 1149 Macedonum
663 1110 795 1163 copias
825 1110 1060 1162 stipendium
1092 1110 1131 1148 in
1154 1110 1317 1149 totidem
1339 1121 1464 1149 annos

57 1170 330 1218 praeparatum
358 1165 514 1214 habeat,
542 1171 693 1217 praeter
721 1179 912 1213 annuum,
945 1167 1049 1218 quod
1079 1179 1123 1206 cx
1160 1166 1321 1206 metallis
1352 1167 1466 1218 regiis

59 1223 194 1274 capiat,
217 1222 388 1274 vectigal.
429 1235 536 1262 arma
556 1223 612 1262 vel
639 1224 762 1263 tribus
783 1225 901 1264 tantis
924 1223 1151 1263 exercitibus
1182 1224 1220 1262 in
1243 1235 1462 1263 armamen-
1497 1229 1536 1261 10

60 1279 155 1318 taria
174 1279 432 1331 congessisse.
462 1280 714 1327 iuventutem,
731 1286 774 1320 ut
789 1281 863 1320 iam
878 1280 1103 1320 Macedonia
1121 1280 1281 1326 deficiat,
1303 1281 1404 1319 velut
1419 1293 1463 1319 ex

58 1335 217 1387 perenni
235 1336 343 1375 fonte
359 1336 462 1375 unde
484 1337 646 1384 hauriat,
669 1337 874 1377 Threciam
897 1337 1112 1376 subiectam
1136 1349 1233 1375 esse.
1257 1336 1461 1387 Reliquom

58 1392 244 1432 orationis
272 1392 488 1432 adhortatio
510 1393 601 1433 fuit:
634 1405 745 1441 „non
776 1406 847 1445 ego
877 1394 1006 1433 haec“
1036 1393 1163 1445 inquit
1193 1393 1382 1440 „incertis
1405 1394 1461 1433 ia—

1497 1342 1549 1381 13

54 1525 122 1549 uno
149 1513 267 1556 Theb„
291 1515 364 1548 cine
388 1516 517 1548 seltene
541 1515 640 1548 Furni
665 1517 724 1548 der

55 1560 268 1603 Apposition3
294 1572 355 1593 zur
373 1561 476 1594 Sacbe
495 1571 521 1593 s.
542 1561 594 1601 38,
613 1561 666 1601 33,
692 1562 723 1594 9.

54 1623 98 1630 —
115 1605 171 1646 ad,
195 1616 222 1638 s.
242 1606 295 1648 30,
320 1607 375 1647 40,
402 1607 428 1647 1,
453 1607 519 1646 vgl.
538 1606 559 1649 ξ
581 1607 593 1638 1
621 1606 722 1651 apud.

55 1650 175 1683 Delum
197 1652 241 1684 ist
263 1652 433 1690 unsicher,
466 1652 609 1684 Perseus
633 1653 724 1684 hatte

55 1696 204 1728 duselbst
237 1698 319 1728 auch
356 1697 451 1729 einen
486 1698 630 1729 anderen
661 1698 723 1729 Bc-

56 1742 186 1773 schluss
204 1740 409 1782 ausgestellt,
434 1752 460 1774 s.
480 1742 593 1785 Polyb.
615 1743 667 1782 26,
687 1743 724 1781 53

58 1786 98 1819 Ο.
123 1786 246 1819 Miiller
269 1787 491 1819 Orchomenos
521 1788 582 1819 421
619 1798 721 1819 verm.

56 1831 256 1871 Ismem‘um;
276 1833 377 1864 Hertz
393 1833 585 1873 Posideum,
600 1832 653 1872 44,
673 1832 722 1873 11,

57 1877 87 1918 3,
103 1878 184 1909 doch
198 1879 328 1910 scheint
341 1879 398 1910 das
413 1889 441 1910 a.
458 1879 534 1910 a.0.
553 1879 723 1911 crwiilinte

55 1922 255 1964 Heiligthuin
275 1924 363 1955 nicht
380 1935 416 1955 so
436 1924 587 1955 beriibnit
610 1934 723 1964 gewo-

55 1977 112 2000 sen
138 1979 179 2000 zu
203 1969 291 2010 sein,
315 1969 364 2001 als
387 1979 427 2001 an
453 1980 483 2001 u.
507 1970 555 2001 St.
581 1970 644 2000 und
670 1969 721 2001 bei

55 2013 114 2046 der
131 2013 344 2056 Verbindung
366 2015 425 2046 mit
441 2015 557 2058 Delphi
581 2025 723 2047 vorans-

53 2064 186 2101 gesetzt
203 2060 298 2092 wird.

101 2149 190 2182 6-7.
222 2151 307 2183 Λ(·Ιι.
333 2160 421 2183 conc.
455 2155 530 2190 etc,
561 2150 615 2189 41,
648 2149 720 2182 23f.

55 2213 97 2220 —-
114 2197 243 2236 intent„
267 2197 412 2227 drobend
432 2196 721 2237 entgegeuhalten,

56 2241 118 2273 wie
138 2241 286 2283 gladios,
309 2251 409 2273 arma
432 2252 462 2273 u.
487 2242 516 2273 31.
538 2260 580 2264 —-
604 2241 722 2274 descr-

58 2288 118 2329 los,
137 2287 190 2318 die
208 2287 345 2318 Sta-‘lton
365 2287 406 2318 im
421 2286 629 2329 Peloponnes
648 2288 719 2319 liat-

57 2335 111 2363 ten
144 2332 196 2364 die
229 2330 438 2372 Entl'ernung
475 2332 560 2363 aller
594 2332 723 2363 Ehren-

58 2376 191 2409 zeichen
217 2377 274 2409 des
300 2377 463 2409 Eumenes
495 2377 720 2417 besclilossen‚

58 2431 84 2453 ε.
108 2421 225 2465 Polyb.
251 2422 304 2462 27,
333 2423 383 2463 15,
408 2433 468 2453 nur
490 2421 550 2453 auf
570 2422 630 2453 den
650 2422 720 2454 An-

59 2469 132 2508 [rag
144 2467 202 2499 des
217 2467 374 2510 Polybius
389 2478 459 2499 war
472 2468 531 2499 der
547 2467 722 2500 sscschluss

59 2511 316 2553 einigermussen
363 2513 539 2552 geinildcrt
579 2513 723 2555 worden,

58 2556 201 2599 vgl.c.5,
215 2558 253 2596 53
270 2558 337 2590 Pol.
352 2559 405 2597 25,
421 2559 450 2597 7,
464 2558 723 2590 Sclior1133t).—

57 2601 191 2644 immlt„
215 2603 560 2643 Vernacliliissigung,
592 2603 722 2643 Mungel

59 2654 99 2678 nn
129 2646 276 2688 Sorgl'alt
304 2647 358 2680 fiir
386 2649 543 2681 dieselbc.
572 2666 616 2672 —
644 2650 724 2688 iam,

797 1517 818 1560 ξ
837 1518 874 1557 9;
895 1528 922 1550 c.
952 1517 1008 1557 11,
1034 1517 1071 1557 ’ῖς
1091 1516 1144 1558 40,
1164 1517 1192 1557 S,
1214 1516 1264 1549 14.
1281 1534 1326 1539 —
1342 1517 1466 1558 Aetol„

798 1574 824 1595 c.
849 1563 909 1603 40,
934 1563 971 1602 ῖς
999 1562 1056 1604 42,
1081 1562 1118 1601 4;
1149 1561 1243 1594 Diod.
1266 1562 1316 1603 29,
1343 1562 1401 1593 36:
1428 1561 1468 1595 ἐκ

797 1608 862 1640 τοῦ
879 1608 1052 1651 Περσέως
1076 1607 1266 1651 γεγονέναι
1294 1603 1360 1649 τὴν
1380 1606 1467 1652 σύγ-

792 1661 920 1697 χυσιν,
939 1653 1005 1693 vgl.
1026 1653 1108 1684 oben
1129 1664 1156 1684 c.
1176 1652 1207 1692 4,
1227 1652 1258 1684 5.

843 1698 954 1730 8-10.
980 1699 1063 1739 lrig.
1087 1698 1155 1730 mil.
1180 1703 1256 1738 eun,
1283 1697 1347 1738 vgl.
1367 1708 1394 1729 c.
1413 1697 1466 1738 51,

801 1744 859 1783 11,
886 1743 972 1775 Plut.
998 1744 1089 1774 Acin.
1116 1744 1154 1780 (ἃς
1179 1744 1230 1774 dic
1257 1743 1390 1783 Angabe
1415 1743 1466 1784 33,

798 1789 851 1829 30,
870 1790 888 1819 (3
904 1789 947 1820 ist
964 1789 1035 1819 also
1050 1788 1225 1828 unrichlig,
1246 1787 1364 1819 Nissen
1385 1788 1462 1827 1463

797 1845 832 1865 cs
857 1834 938 1865 wird
965 1836 1044 1876 {rign
1067 1834 1201 1865 milibus
1224 1852 1245 1855 —
1269 1844 1298 1875 q.
1331 1834 1466 1865 *nimbus

795 1890 911 1919 vernn,
930 1880 1072 1910 dadurcb
1091 1879 1170 1910 aber
1190 1879 1240 1910 die
1256 1878 1466 1921 llauptsacbc

797 1925 826 1956 in
852 1925 913 1956 den
940 1925 1162 1965 llintcrgrund
1194 1925 1377 1964 gedriingu
1407 1935 1466 1956 aus

793 1981 1021 2015 praeparasse
1046 1970 1131 2001 kann
1168 1969 1232 2000 uol
1265 1970 1322 2001 das
1349 1970 1467 2002 Priidi-

795 2020 848 2048 cut
866 2027 907 2047 zu
926 2016 1017 2048 milia
1038 2025 1229 2056 gcnoininen
1249 2015 1402 2054 werden3
1427 2016 1467 2047 du

795 2062 846 2093 die
881 2061 936 2093 Hs.
968 2071 1175 2105 praeparare
1208 2061 1279 2099 hat,
1314 2071 1350 2091 so
1384 2061 1465 2092 wird

792 2110 1035 2150 praeparatam
1049 2107 1172 2138 habere
1187 2107 1383 2146 verinutliet,
1397 2116 1466 2137 was

794 2152 875 2184 aber
892 2153 1036 2193 sog-leicb
1055 2152 1075 2193 ξ
1094 2152 1113 2182 9
1133 2150 1227 2192 solgt.
1246 2170 1284 2174 —
1307 2153 1387 2194 lam,
1413 2151 1464 2192 23,

795 2198 831 2238 5,
859 2197 914 2229 15;
946 2199 1011 2229 iam
1034 2199 1196 2241 pecuniae
1225 2196 1374 2237 adfatim
1403 2200 1464 2228 est.

794 2262 837 2266 —-
852 2246 999 2287 praeter,
1026 2243 1211 2283 ahgi-sehon
1232 2253 1307 2279 von,
1335 2242 1386 2282 37,
1412 2243 1465 2281 25,

795 2289 813 2320 b·
832 2300 862 2320 u.
880 2299 909 2320 a.
927 2307 970 2311 —
987 2288 1131 2327 malost,
1156 2299 1182 2319 s.
1203 2288 1262 2327 -Ἣ,
1288 2287 1347 2325 24,
1373 2287 1402 2317 2.
1423 2304 1465 2308 —

795 2335 871 2366 trib.
890 2335 1004 2373 tantis,
1023 2333 1075 2370 32»,
1102 2333 1154 2374 4-1,
1178 2333 1214 2363 3;
1245 2333 1273 2371 1,
1299 2332 1348 2371 36,
1375 2332 1405 2361 7.
1422 2349 1465 2353 -

795 2382 834 2412 ul
850 2381 930 2420 iam,
955 2390 982 2410 s.
999 2379 1052 2417 34,
1078 2378 1130 2420 ³2,
1158 2378 1207 2409 13.
1226 2396 1268 2400 —ffl
1286 2377 1382 2416 sulm,
1410 2375 1464 2417 -11,

795 2425 848 2464 24,
867 2426 903 2458 9:
923 2425 1004 2467 App.
1027 2420 1174 2468 Θρᾴκην
1191 2421 1411 2462 καιακῐῴιω.

842 2464 909 2502 13·
952 2470 1038 2501 1—4.
1076 2469 1166 2510 reliq.
1195 2478 1242 2498 or.
1274 2471 1337 2497 etv.
1370 2465 1465 2496 uitet

795 2515 856 2547 ‹len
895 2519 989 2546 sonst
1027 2513 1300 2545 unverniittelten
1338 2510 1463 2541 {leber-

795 2570 881 2601 gang
900 2561 929 2592 in
956 2561 1006 2591 (lie.
1032 2560 1152 2591 amlere
1173 2557 1270 2587 Furni
1297 2555 1463 2588 dorin-de

796 2606 858 2646 ein,
876 2616 902 2638 s.
922 2605 976 2645 32,
996 2605 1049 2641 34,
1073 2603 1103 2634 11
1121 2613 1128 2637 ς
1145 2602 1210 2642 rgl.
1235 2602 1289 2641 33,
1308 2600 1360 2640 52,
1380 2601 1417 2639 (33
1436 2611 1464 2632 c.

795 2650 848 2689 «18,
869 2651 898 2681 2.
919 2669 960 2672 -—-
978 2651 1094 2681 inm-rt.
1113 2653 1189 2685 etc„
1215 2647 1279 2687 vgl.
1298 2646 1329 2686 ·l,
1357 2646 1406 2679 13.
1432 2647 1462 2676 t).

1128 2703 1166 2735 1¹.)
1182 2704 1193 2719 “
