1712 2825
498 153 627 187 LIBER
650 152 802 186 XXXX.
850 153 944 186 CAP.
973 153 1025 187 12.
1387 157 1466 196 133

60 174 86 193 a..
108 166 162 193 ch.
183 166 245 191 182.

60 258 121 299 sui
141 257 348 298 consilium
368 256 488 296 inisse
507 268 570 295 me
590 255 710 294 videri
729 255 823 303 vuit,
845 259 890 294 ut
909 255 1054 294 scilicet
1073 256 1218 296 maiore
1237 256 1356 297 fratre
1374 257 1466 297 sub-

58 315 155 362 lato,
183 314 290 354 cuius
317 314 400 353 iure
428 312 621 364 gentium,
649 324 759 351 more
786 312 1058 360 Macedonum,
1085 317 1154 351 tuo
1177 313 1308 361 etiam,
1339 319 1382 353 ut
1402 315 1467 361 ait,

57 371 199 412 iudicio
219 382 380 421 regnum
403 374 462 408 est
480 369 669 416 futurum,
685 381 756 420 ego
773 368 904 407 minor
918 368 958 407 in
975 368 1070 415 eius,
1086 380 1202 419 quem
1221 370 1467 415 occidissem,

58 426 304 468 succederem
323 426 467 465 locum.
509 425 601 476 quid
623 438 714 476 ergo
737 425 799 464 illa
821 425 896 464 sibi
917 425 998 464 vult
1017 437 1108 476 pars
1132 425 1249 464 altera
1266 427 1465 474 orationis,

58 495 132 535 qua
151 482 350 521 Romanos
372 495 393 521 a
413 495 476 521 me
497 482 621 521 cultos
644 482 695 521 ait
715 487 829 533 atque
849 494 986 520 eorum
1006 481 1144 521 fiducia
1166 481 1206 520 in
1227 495 1338 533 spem
1360 485 1467 534 regni

56 551 119 579 me
146 537 331 578 venisse?
367 550 458 577 nam
485 539 517 577 si
546 543 583 577 et
610 538 651 577 in
671 538 858 577 Romanis
884 542 1036 577 tantum
1056 538 1246 577 momenti
1267 539 1467 578 credebam

56 608 155 644 esse,
176 601 220 634 ut
240 607 354 647 quem
376 595 514 634 vellent
533 595 763 646 inponerent
783 594 1030 634 Macedoniae
1044 606 1188 645 regem,
1205 600 1243 633 et
1258 608 1366 634 meae
1382 601 1467 635 tan-

54 657 139 692 tum
161 651 263 703 apud
285 664 352 690 eos
374 651 519 702 gratiae
540 651 795 698 confidebam,
821 651 911 702 quid
935 664 1034 702 opus
1057 651 1264 702 parricidio
1285 650 1388 691 fuit?
1421 664 1466 691 an

53 712 97 748 ut
118 712 320 747 cruentum
342 708 516 747 diadema
535 708 702 747 fraterna
724 707 836 747 caede
857 706 1062 758 gererem?
1084 713 1126 747 ut
1147 708 1220 747 illis
1238 708 1347 759 ipsis,
1366 709 1469 759 apud

56 777 157 816 quos
176 770 241 804 aut
256 777 342 804 vera
359 770 424 804 aut
441 770 543 804 certe
558 764 735 803 simulata
746 764 940 815 probitate
955 770 1104 815 partam
1117 764 1275 815 gratiam
1290 765 1427 812 habeo,
1439 765 1471 804 si

57 833 171 873 quam
183 821 286 860 forte
301 821 439 868 habeo,
455 820 699 860 exsecrabilis
713 827 751 860 et
761 820 908 860 invisus
921 833 1048 860 essem
1058 819 1078 859 ?
1099 821 1174 859 nisi
1189 821 1232 860 T.
1244 821 1470 868 Quinctium

57 877 193 925 credis,
216 877 325 916 cuius
347 878 488 917 virtute
509 883 547 916 et
567 876 738 916 consiliis
761 890 823 916 me
844 889 949 917 nunc
969 877 1098 928 arguis
1120 877 1212 928 regi,
1229 890 1314 917 cum
1335 883 1373 917 et
1387 878 1470 929 ipse

55 934 121 973 tali
136 934 277 985 pietate
293 934 392 973 vivat
409 947 495 973 cum
511 934 641 980 fratre,
659 934 755 972 mihi
770 934 962 973 fraternae
979 934 1106 973 caedis
1123 934 1242 973 fuisse
1259 940 1469 973 auctorem.

53 989 156 1029 idem
180 1002 259 1029 non
275 991 542 1030 Romanorum
566 991 725 1041 gratiam
748 990 888 1039 solum,
911 991 977 1029 sed
998 991 1254 1030 Macedonum
1272 991 1409 1030 iudicia
1428 1003 1471 1030 ac

54 1059 177 1098 paene
192 1047 367 1086 omnium
382 1047 544 1086 deorum
556 1047 838 1099 hominumque
854 1059 1091 1087 consensum
1106 1047 1282 1098 conlegit,
1295 1060 1363 1099 per
1375 1060 1470 1098 quae

58 1102 189 1141 omnia
206 1115 248 1142 se
268 1103 363 1142 mihi
384 1116 517 1154 parem
540 1104 579 1141 in
601 1104 809 1143 certamine
826 1116 905 1142 non
921 1104 1094 1143 futurum
1112 1104 1333 1152 crediderit;
1355 1104 1469 1147 idem.

54 1163 251 1210 tamquam
265 1159 303 1198 in
317 1159 398 1198 aliis
414 1159 596 1198 omnibus
609 1160 725 1198 rebus
738 1160 898 1200 inferior
911 1173 1050 1207 essem,
1064 1160 1110 1199 ad
1126 1160 1281 1199 sceleris
1296 1161 1469 1199 ultimam

55 1227 166 1266 spem
202 1215 425 1266 confugisse
455 1229 516 1254 me
533 1216 742 1255 insimulat.
784 1218 840 1255 vis
867 1217 966 1256 hanc
992 1216 1201 1256 formulam
1233 1217 1477 1268 cognitionis,

100 1314 231 1346 13-20.
265 1315 322 1346 Die
348 1315 621 1356 Beweisfiihrung
645 1320 722 1347 ent-

50 1359 121 1392 hiilt
145 1359 419 1402 Widcrspriiche.
444 1380 488 1383 —
515 1363 591 1393 iure
611 1364 718 1402 gent„

52 1415 79 1437 s.
98 1415 126 1436 c.
150 1404 181 1444 9,
201 1405 231 1436 8.
249 1424 294 1428 -
311 1405 391 1448 quid
405 1417 431 1436 s.
458 1416 499 1446 ῑ·.,
523 1406 577 1445 44,
605 1406 656 1444 12,
684 1406 719 1438 1:

51 1450 210 1492 quidnam
237 1452 302 1483 sibi
327 1451 454 1484 clamor
482 1451 593 1490 vellet,
624 1456 719 1483 sonst

50 1495 104 1527 hei
135 1495 169 1527 L.
200 1497 294 1527 mehr
313 1507 376 1527 von
404 1496 586 1538 Personen,
611 1506 637 1528 s.
663 1496 717 1538 32,

50 1540 112 1581 25,
141 1540 198 1580 103
225 1540 254 1581 3,
279 1540 333 1580 35,
360 1542 379 1572 5
404 1553 436 1573 u.
460 1551 489 1573 a.
513 1560 556 1564 ———
580 1552 622 1573 απ
642 1546 718 1582 etc„

50 1586 102 1617 ein
117 1586 626 1627 selbstversti‘indlicherGrund,
641 1588 718 1618 dass

50 1639 86 1662 es
116 1631 205 1662 nicht
234 1641 271 1662 so
300 1632 359 1663 sei.
387 1650 431 1654 —
453 1634 529 1670 nisi,
561 1632 625 1663 wie
654 1634 721 1663 nisi

39 1676 154 1717 sorte,
179 1685 205 1706 s.
226 1676 278 1714 30,
297 1676 328 1716 4,
357 1676 411 1707 12:
436 1686 471 1707 es
488 1677 614 1708 miisste
632 1677 717 1708 deun

51 1720 133 1759 sein,
158 1720 234 1751 dass
259 1730 340 1751 usw.
357 1739 401 1743 —
424 1723 549 1753 virtute
566 1724 598 1753 et
615 1732 718 1761 cons„

50 1765 110 1796 mit
124 1766 204 1805 regi
219 1765 262 1796 ist
285 1766 444 1797 zuniichst
467 1766 615 1798 consiliis
640 1777 719 1797 ver-

52 1809 192 1851 bunden,
213 1820 239 1841 s.
260 1809 339 1841 Ter.
360 1810 443 1842 Eun.
465 1811 491 1852 1,
515 1811 542 1850 1,
564 1810 619 1842 13:
645 1822 718 1843 eam

49 1864 121 1887 rem
138 1855 274 1887 consilio
293 1865 413 1897 regere
429 1867 494 1887 non
518 1858 649 1899 patris,
677 1867 718 1888 zu

47 1900 194 1932 consilii-3
212 1901 340 1932 enthiilt
358 1903 481 1932 rit-tute
511 1901 584 1932 eine
621 1903 719 1933 attri-

46 1944 160 1977 butive
190 1945 429 1985 Bestiininung:
464 1947 566 1977 durch
597 1947 717 1978 dessen

47 1990 213 2022 treffliche
233 1990 465 2031 Rathschi'a‘ge,
489 2001 515 2022 s.
543 1991 595 2031 39,
622 1991 652 2030 5,
677 1993 714 2031 53

47 2034 78 2076 6,
97 2036 146 2077 17,
163 2036 195 2067 2:
218 2037 250 2067 in
269 2036 457 2068 libel-latent
477 2046 515 2068 ac
539 2037 662 2076 Iucemg
685 2037 716 2077 8,

47 2079 99 2122 33,
111 2080 145 2112 11
159 2092 165 2112 :
188 2091 256 2113 roa·
269 2081 521 2123 etind1'guali03
537 2082 602 2113 Cic.
615 2082 715 2123 Legg.

47 2125 84 2164 3,
117 2126 173 2164 16,
203 2126 263 2157 36;
286 2129 351 2159 isto
375 2129 488 2159 animo
511 2138 551 2158 ac
576 2129 715 2167 virente,

45 2171 110 2201 und
142 2170 203 2209 ist,
233 2171 294 2203 wie
318 2172 375 2203 das
400 2170 479 2212 foig.
501 2175 627 2215 pictate
651 2174 715 2204 und

46 2215 107 2246 der
123 2225 226 2255 gnnze
245 2216 315 2247 Ton
335 2217 394 2248 der
412 2217 500 2248 stede
521 2219 627 2257 zeigt,
645 2219 714 2249 iro—

47 2261 137 2291 nisch
153 2271 192 2292 zu
208 2262 506 2301 nehn1e113Andei·e
520 2264 715 2295 vermuthen

46 2310 129 2337 stntt
152 2307 278 2338 virtute
301 2307 473 2338 entwcdcr
497 2310 714 2348 anctoritate,

47 2360 72 2382 s.
93 2361 121 2382 c.
144 2351 192 2393 11,
212 2352 250 2390 2;
275 2351 353 2383 Tac.
374 2351 457 2383 Dial.
478 2352 535 2383 315:
561 2364 636 2385 cnm
662 2365 715 2385 se-

45 2399 161 2428 natum
181 2396 318 2428 consilio
336 2400 369 2427 et
393 2400 596 2430 auctor-ilum
619 2409 714 2439 rego-

46 2445 131 2481 rent,
151 2443 231 2473 odor
243 2445 329 2474 nutu
347 2442 507 2482 (Dm-ring
522 2454 550 2476 u.
571 2443 714 2484 Madvig)

47 2487 128 2518 oder
149 2488 299 2519 hortum.
324 2506 367 2510 —
391 2491 423 2519 cl
445 2489 526 2530 ipsc,
554 2490 615 2519 wie
635 2490 714 2520 nach

46 2531 106 2563 der
135 2532 321 2564 ironisrhen
351 2532 623 2573 voi-aussvtzung
650 2535 715 2566 Du-

46 2578 183 2609 metrius
202 2579 259 2609 init
277 2578 432 2617 rvi-scus,
459 2589 484 2609 s.
504 2579 558 2618 29,
578 2580 630 2620 23,
656 2581 714 2614 103

795 1315 853 1356 34,
877 1316 914 1355 9,
939 1316 969 1347 9.
993 1334 1037 1339 —
1059 1326 1167 1359 paene
1191 1321 1268 1357 etc.‚
1301 1317 1395 1349 viell.
1425 1319 1467 1350 ist

794 1361 873 1392 nach
916 1361 977 1392 den
1021 1361 1262 1401 Andeutungen
1311 1364 1467 1404 spiitercr

792 1406 868 1438 Hss.
895 1406 1037 1438 dem-um
1065 1417 1172 1450 paene
1204 1408 1353 1439 omnium
1376 1408 1465 1440 hom.

792 1462 834 1482 zu
853 1451 957 1491 lesen,
975 1452 1014 1483 da
1033 1451 1108 1483 kein
1130 1451 1244 1483 Grund
1263 1453 1410 1494 vorliegt
1434 1454 1463 1484 in

793 1497 852 1527 der
881 1497 1158 1537 gebi-'auchlichen
1191 1497 1342 1538 Formel,
1375 1509 1400 1530 s.
1435 1499 1463 1534 3,

795 1542 847 1582 17,
871 1543 908 1581 ὃς
935 1542 964 1582 9,
990 1542 1042 1583 26,
1064 1542 1103 1573 18
1123 1553 1155 1573 ιι.
1173 1552 1215 1585 3.,
1238 1553 1345 1586 paene
1362 1544 1462 1575 durch

792 1587 844 1618 die
872 1587 1025 1628 Stellung
1050 1598 1086 1618 so
1112 1588 1398 1621 hervorzuheben.
1423 1607 1466 1611 —

793 1632 938 1674 conlega,
965 1633 1020 1664 hat
1043 1632 1191 1664 miihsam
1215 1643 1466 1674 zusammenge-

792 1677 898 1708 lesen.
920 1696 963 1700 —
986 1677 1181 1717 crediderit,
1206 1678 1269 1709 wie
1296 1678 1316 1720 ξ
1343 1679 1377 1710 5:
1407 1681 1464 1712 ait.

793 1722 950 1753 wiihrend
970 1732 1008 1753 er
1025 1723 1139 1763 glaubt
1158 1724 1211 1761 (zu
1225 1723 1368 1762 glauben
1384 1734 1466 1755 vor-

792 1767 913 1809 gicht),
944 1768 994 1798 ich
1024 1767 1116 1799 h‘titte
1141 1768 1234 1799 Alles
1260 1767 1320 1799 nus
1340 1769 1466 1800 meinri-

792 1812 895 1852 Seite,
916 1812 1027 1852 bringt
1046 1823 1083 1844 er
1100 1812 1182 1843 doch
1202 1813 1254 1844 die
1275 1814 1464 1845 Beschuidi-

793 1867 881 1897 gung
899 1867 974 1896 vor,
1000 1858 1076 1889 dass
1102 1857 1172 1897 ich,
1196 1858 1246 1889 als
1265 1859 1305 1889 ob
1323 1859 1372 1889 ich
1394 1860 1465 1890 nir-

791 1903 894 1941 gends
913 1901 1010 1934 niilsc
1035 1903 1142 1943 hatte,
1166 1903 1273 1934 meine
1301 1903 1465 1944 Hoffnung

790 1957 886 1986 usw.‚
928 1958 966 1979 er
1006 1948 1241 1989 widerspricht
1281 1949 1349 1979 sich
1391 1950 1462 1981 also

791 1992 906 2024 selbst.
941 1992 1074 2033 Madvig
1094 1993 1161 2024 halt
1185 1993 1386 2025 crediderim
1411 1993 1464 2026 fiii·

791 2038 1012 2078 nothwendig,
1033 2038 1132 2069 ailein
1153 2049 1180 2069 c.
1206 2038 1256 2079 10,
1278 2039 1296 2070 5
1311 2058 1332 2062 —
1352 2040 1390 2070 10
1409 2040 1464 2071 hat

790 2082 934 2114 Perseus
953 2083 1044 2114 seine
1061 2082 1325 2124 Ueberzeugung
1342 2095 1463 2126 ausge-

790 2129 950 2170 sprochcn
970 2129 1050 2160 oder
1074 2139 1109 2160 es
1134 2129 1365 2169 vorgcgebcn,
1386 2131 1462 2162 dass

790 2184 827 2204 er
856 2174 886 2204 in
920 2175 981 2205 den
1015 2184 1054 2205 an
1086 2184 1118 2205 u.
1149 2174 1198 2205 St.
1225 2175 1461 2207 bezeichnen-n

791 2218 939 2249 Punktrn
967 2219 1113 2250 Dvmetr.
1145 2220 1341 2260 nachstohu,
1376 2222 1464 2251 nicht

790 2264 840 2295 (lie
860 2264 970 2295 seinos
987 2263 1149 2304 Gegncrs,
1169 2266 1235 2305 vgl.
1252 2276 1279 2296 r.
1295 2266 1326 2302 5,
1345 2266 1381 2298 2:
1406 2266 1461 2296 123:

790 2310 844 2349 39,
864 2310 918 2348 53,
939 2309 976 2348 23
996 2310 1058 2340 und
1079 2310 1118 2340 im
1140 2308 1234 2350 Folg.
1255 2313 1425 2352 {amquam
1445 2328 1461 2331 —

790 2365 898 2385 essem
918 2355 1017 2393 wird,
1042 2365 1136 2385 wrnn
1156 2356 1236 2386 auch
1264 2356 1292 2386 in
1320 2356 1462 2385 :indvrcr

793 2399 906 2437 Furni,
937 2398 1124 2439 gieichsalls
1152 2401 1203 2431 dic
1235 2401 1369 2430 Ansivht
1404 2400 1461 2430 des

794 2443 937 2475 Perse-ns
976 2446 1255 2487 ausgvsprochrn.
1291 2462 1333 2466 —
1373 2444 1461 2476 idem

791 2491 974 2531 cntspricht
1004 2490 1089 2521 idem
1120 2490 1140 2531 ᾗ
1170 2490 1225 2526 183
1259 2489 1462 2520 nan-indriirk-

792 2535 895 2565 lietu-r
931 2536 979 2567 als
1013 2535 1098 2566 idem
1138 2536 1203 2575 qm'.
1242 2553 1278 2555 ⁷—
1307 2535 1460 2576 sot-und.

791 2591 883 2621 cogn,
925 2592 951 2612 s.
993 2581 1050 2614 32),
1086 2580 1143 2620 25,
1178 2580 1215 2609 ‘32
1258 2579 1317 2610 dci·
1357 2579 1461 2611 Vulci·

1498 437 1539 470 14

1502 607 1540 638 15

1500 714 1540 746 16

1504 827 1540 858 17

1502 997 1541 1030 18

1505 1110 1543 1143 19

1557 1041 1566 1073 ἰ

1496 1199 1566 1256 20=
