1712 2825
62 232 88 250 a.
112 225 164 251 cn.
186 224 247 250 171.
477 211 609 244 LIBER
632 210 814 244 XXXXII.
863 210 956 243 CAP.
981 211 1035 243 38.
1387 212 1464 252 331

61 316 264 356 miserunt.
304 315 393 354 inde
412 314 452 352 in
473 313 660 353 Aetoliam
684 313 885 364 progressi
906 326 949 352 ac
970 325 1115 364 paucos
1136 314 1188 353 ibi
1210 315 1352 354 morati
1373 314 1467 361 dies,

61 375 154 412 dum
183 373 222 412 in
250 370 440 423 praetoris
467 371 612 409 mortui
646 370 775 409 locum
807 370 903 409 alius
937 370 1198 417 sufficeretur,
1236 377 1274 410 et
1306 372 1466 423 Lycisco

59 434 238 481 praetore
257 428 376 475 facto,
400 439 515 478 quem
537 427 807 466 Romanorum
827 426 955 466 favere
975 426 1092 465 rebus
1116 427 1210 465 satis
1235 432 1467 477 conpertum

60 490 152 532 erat,
171 483 409 524 transierunt
429 484 467 522 in
490 483 743 522 Thessaliam.
784 496 829 522 eo
851 483 962 534 legati
978 483 1223 522 Acarnanum
1246 489 1283 522 et
1297 484 1469 523 Boeoto-

58 553 144 580 rum
166 540 294 579 exules
322 546 521 579 venerunt.
561 541 784 579 Acarnanes
813 539 994 578 nuntiare
1021 539 1140 585 iussi,
1172 552 1271 590 quae
1299 540 1467 591 Philippi

56 597 247 648 primum,
274 597 455 636 Antiochi
485 596 624 635 deinde
656 596 773 644 bello,
804 596 953 648 decepti
979 596 1321 646 pollicitationibus
1352 597 1466 647 regiis

56 653 240 692 adversus
269 654 458 704 populum
486 653 708 692 Romanum
737 653 1048 699 commisissent,
1077 665 1120 691 ea
1150 653 1368 704 corrigendi
1400 666 1466 692 oc—

56 710 252 748 casionem
274 710 346 749 illis
369 710 559 757 oblatam,
582 709 614 749 si
631 709 730 748 male
747 710 873 748 meriti
891 709 1132 748 clementiam
1150 710 1284 761 populi
1302 709 1468 749 Romani

55 767 200 817 experti
221 771 365 812 essent,
386 766 485 805 bene
501 766 688 805 merendo
706 766 972 805 liberalitatem
990 766 1268 817 experirentur.
1308 767 1467 805 Boeotis

54 823 331 874 exprobratum
354 823 577 862 societatem
600 835 668 862 eos
692 835 780 861 cum
802 823 946 861 Perseo
970 823 1154 862 iunxisse.
1199 836 1288 862 cum
1312 823 1467 874 culpam

53 879 93 918 in
113 879 320 918 Ismeniam
342 880 559 931 principem
581 879 736 918 alterius
759 879 881 930 partis
904 879 1127 918 conferrent
1148 884 1185 918 et
1202 880 1390 931 quasdam
1413 879 1468 918 ci-

53 936 189 975 vitates
218 936 482 975 dissentientis
513 937 552 975 in
575 949 732 975 causam
772 936 975 982 deductas,
1013 937 1284 987 appariturum
1312 937 1350 975 id
1379 949 1468 975 esse

53 992 216 1032 Marcius
245 993 466 1044 respondit:
497 993 657 1043 singulis
687 992 790 1031 enim
820 992 1036 1032 civitatibus
1069 993 1115 1031 de
1138 1006 1179 1032 se
1200 994 1295 1044 ipsis
1319 1005 1465 1032 consu-

53 1049 157 1088 lendi
179 1054 412 1100 potestatem
439 1049 623 1088 facturos.
664 1049 943 1088 Thessalorum
965 1049 1120 1088 Larisae
1147 1050 1222 1089 fuit
1244 1049 1464 1089 concilium.

53 1105 106 1144 ibi
126 1113 160 1145 et
180 1106 378 1144 Thessalis
401 1105 563 1156 benigna
591 1106 750 1144 materia
779 1107 919 1155 gratias
947 1106 1084 1155 agendi
1112 1106 1301 1145 Romanis
1323 1118 1395 1157 pro
1418 1106 1464 1144 li-

52 1161 212 1201 bertatis
242 1174 402 1201 munere
430 1163 519 1208 fuit,
548 1167 586 1201 et
611 1162 768 1212 legatis,
797 1163 902 1213 quod
934 1167 971 1201 et
997 1162 1165 1213 Philippi
1187 1163 1294 1214 prius
1316 1168 1353 1201 et
1373 1167 1465 1214 post

54 1219 233 1257 Antiochi
265 1219 364 1258 bello
394 1219 503 1257 enixe
533 1219 651 1258 adiuti
679 1232 697 1257 a
737 1224 850 1269 gente
888 1219 1168 1258 Thessalorum
1197 1224 1342 1259 essent.
1393 1219 1465 1258 hac

53 1280 188 1314 mutua
217 1275 593 1314 commemoratione
624 1276 853 1314 meritorum
884 1276 1037 1315 accensi
1065 1276 1183 1314 animi
1206 1275 1464 1315 multitudinis

54 1331 99 1370 ad
124 1332 253 1370 onmia
276 1332 531 1377 decernenda,
555 1344 653 1382 quae
675 1332 841 1371 Romani
863 1332 1011 1371 vellent.

167 1388 390 1427 Secundum
413 1389 488 1427 hoc
510 1388 715 1427 concilium
732 1389 843 1439 legati
860 1402 879 1427 a
897 1389 1041 1428 Perseo
1059 1400 1149 1439 rege
1166 1393 1366 1436 venerunt,
1382 1389 1461 1441 pri*

52 1444 127 1484 vati
148 1445 315 1484 maxime
336 1445 494 1496 hospitii
517 1445 667 1490 fiducia,
691 1446 794 1496 quod
818 1446 851 1484 ei
873 1450 1078 1497 paternum
1097 1457 1184 1484 cum
1208 1445 1350 1484 Marcio
1373 1451 1465 1485 erat.

54 1556 117 1588 wie
146 1556 183 1588 L.
215 1556 274 1597 39,
304 1556 364 1597 23,
393 1556 429 1595 63
461 1558 502 1589 ib.
532 1557 593 1597 28,
625 1557 643 1588 2
673 1558 725 1589 die

54 1601 198 1634 Oresten
219 1601 433 1634 Macedonica*
457 1609 573 1640 neunt,
600 1603 722 1634 konnte

796 1577 839 1581 -—
858 1558 955 1596 Phil„
974 1557 1027 1597 31,
1050 1557 1106 1589 14:
1128 1556 1181 1595 33,
1205 1557 1256 1589 16.
1292 1560 1387 1598 Aut„
1414 1558 1467 1600 36,

798 1603 849 1635 11.
868 1621 912 1626 ——
928 1603 1073 1644 Boeotis,
1100 1603 1190 1634 diese
1208 1603 1280 1634 sind
1304 1604 1370 1635 seit
1395 1604 1467 1635 dem

54 1657 92 1678 cr
109 1657 145 1678 es
168 1648 249 1678 auch
273 1657 313 1678 an
336 1659 368 1679 u.
387 1647 448 1688 St.,
472 1648 536 1679 wol
562 1649 642 1679 nach
662 1647 724 1679 Ρο-

53 1692 132 1734 lyb.,
150 1692 234 1723 ohne
252 1703 294 1723 zu
310 1691 475 1731 siirchten,
493 1694 570 1724 dass
587 1693 724 1724 Jemand

52 1737 107 1768 ilm
125 1737 387 1768 missversteheu
407 1737 536 1778 wiirde,
561 1748 597 1769 so
617 1738 725 1778 wcnig

54 1792 92 1813 er
109 1782 219 1813 dieses
238 1780 427 1821 gesiirclitet
445 1783 553 1825 hiitte,
573 1793 667 1813 wvnn
688 1793 725 1814 er

52 1826 203 1858 liberatis
225 1828 266 1859 ab
292 1826 527 1859 Macedonibus
555 1828 725 1867 goschrie-

53 1871 116 1903 ben
147 1872 250 1904 hatte.
271 1891 313 1896 ———
342 1872 423 1904 dum
454 1877 529 1913 etc„
561 1873 725 1904 natiirlich

53 1916 218 1948 henutzen
249 1918 300 1949 die
332 1917 452 1949 Riimer
480 1919 541 1949 den
568 1918 724 1950 llmstand

53 1972 107 1993 um
125 1960 179 1994 ffir
197 1962 267 1994 ihre
286 1962 431 1994 Zwecke
457 1974 497 1994 zu
521 1964 661 1995 wirken.
684 1980 725 1986 —

54 2007 133 2050 Lyc.
150 2008 266 2051 pins„
285 2019 312 2039 s.
332 2008 385 2048 37,
403 2008 456 2049 45,
476 2008 512 2048 (33
539 2008 592 2047 27,
612 2009 664 2050 34,
683 2008 721 2047 33

54 2052 136 2084 iiber
153 2053 266 2085 dir-sen
286 2053 464 2092 Anhiinger
481 2054 540 2085 der
558 2054 679 2086 Riimer
696 2064 723 2085 s.

55 2097 124 2129 Pol
150 2096 574 2140 27,13‚11:‹51«ft›)a5
597 2097 661 2135 τὰς
685 2097 723 2131 ἐκ

54 2142 126 2175 τῶν
149 2143 234 2175 neni
252 2145 460 2184 Ἰυκίσκονς
486 2145 528 2176 id.
554 2144 608 2185 32,
632 2145 721 2176 20³.

55 2176 249 2221 Λυκίσκου
267 2189 331 2220 τοῦ
354 2186 531 2221 ,ζΙίιωλωῦ
554 2201 724 2235 ταυαχω-

57 2232 145 2270 ‹lous-
167 2231 273 2269 ὄντος
297 2233 355 2265 καὶ
382 2225 627 2278 :tryntoisfmc-
645 2238 725 2268 Λυ-

55 2280 182 2314 κίσκος
204 2275 378 2314 κάκιστος
402 2275 454 2311 ὤι
483 2285 564 2320 cle„
594 2292 611 2311 v
616 2281 660 2321 g.l
685 2281 722 2312 L.

56 2324 111 2365 45,
129 2323 183 2362 28,
207 2325 237 2354 7.
273 2324 331 2355 l)ie
351 2323 566 2366 Vtrbindung
583 2326 641 2357 des
659 2326 724 2358 abl.

55 2369 125 2400 abs.
152 2369 209 2400 mit
231 2370 303 2400 «ltin
330 2370 479 2412 particip.
510 2371 611 2402 durch
643 2374 675 2403 et
699 2381 725 2403 s,

57 2412 111 2454 22,
132 2413 183 2453 19,
202 2414 259 2453 12;
279 2414 390 2454 ib.28‚
409 2414 436 2453 1,
452 2415 517 2454 vgl.
532 2415 726 2457 41‚19,10.

57 2477 98 2482 ——
117 2459 245 2499 eaeules,
265 2471 291 2490 c.
311 2459 364 2498 43,
384 2460 422 2498 83
444 2459 511 2491 Pol.
531 2461 583 2501 27,
603 2460 634 2492 2.

103 2503 188 2536 3—7.
216 2504 428 2544 Acm·n.‚4·3‚
459 2506 505 2546 17,
531 2505 623 2537 7.—
640 2518 726 2539 mm—

58 2550 146 2582 tim
161 2550 279 2581 stiinde
299 2554 381 2581 sinit
399 2530 457 2581 dis
477 2530 725 2583 bizsthnnntcren

57 2596 265 2634 renuntiare,
290 2606 316 2627 s.
344 2606 371 2626 c.
397 2595 450 2634 31),
477 2595 507 2638 2,
532 2606 560 2627 w
564 2607 600 2628 ns
626 2597 726 2629 Drak.

59 2637 130 2671 lner
145 2639 238 2672 lesen
257 2640 336 2681 will,
361 2641 727 2675 viell.nun!1'atc.'5ms.

797 1648 850 1690 33,
869 1648 908 1679 27
928 1648 1110 1679 Erziihlten
1131 1647 1210 1678 Rom
1228 1648 1416 1690 abgeneigt,
1441 1659 1467 1680 s.

797 1694 850 1733 36,
868 1693 898 1724 6.
917 1711 961 1716 -
979 1693 1114 1731 Ι.ςπιεη.,
1135 1703 1162 1724 s,
1182 1703 1209 1724 c.
1230 1693 1290 1732 433
1319 1693 1389 1725 Pol.
1413 1693 1468 1733 27,

800 1739 813 1769 1
851 1743 953 1769 nennt
983 1739 1063 1769 noch
1094 1738 1186 1770 Neon
1218 1739 1282 1770 und
1312 1739 1466 1781 Hippias;

797 1784 879 1815 iiber
896 1784 953 1814 das
968 1783 1129 1814 Biindniss
1144 1793 1172 1814 c.
1190 1782 1240 1823 12,
1256 1784 1286 1814 5.
1303 1803 1343 1807 —-
1358 1784 1469 1825 (παθη,

798 1829 858 1860 der
886 1828 1169 1860 macedonischen.
1192 1847 1231 1851 —
1259 1828 1411 1869 dodach,
1441 1840 1468 1862 s.

799 1874 853 1914 36,
880 1874 909 1911 7,
935 1873 966 1914 3,
987 1884 1051 1905 von
1069 1874 1175 1905 einem
1195 1883 1255 1905 aus
1273 1876 1473 1917 conferrent

799 1930 841 1950 zu
874 1919 1078 1950 nehmenden
1110 1918 1259 1950 dicerent
1287 1920 1469 1961 abhiingig;

799 1975 860 1995 zur
878 1964 983 1996 Sacbe
998 1975 1025 1995 s.
1041 1975 1068 1995 c.
1089 1963 1143 2005 43,
1163 1964 1200 2002 73
1220 1964 1273 2003 44,
1292 1965 1322 1996 4.
1340 1984 1384 1988 ——
1403 1968 1472 1997 sin-

794 2009 902 2052 gulis,
938 2020 974 2041 so
1004 2010 1080 2041 dass
1110 2009 1186 2041 kein
1217 2009 1469 2051 Majoritiitshe-

797 2055 929 2087 schluss
954 2055 1066 2096 gelten
1097 2055 1209 2086 sollte.
1234 2073 1278 2077 -—
1307 2055 1423 2088 leess.
1447 2075 1469 2079 —

797 2111 902 2139 conc„
921 2111 962 2132 zu
981 2100 1033 2140 34,
1053 2100 1106 2140 51,
1126 2101 1162 2139 ὃς
1182 2099 1305 2132 Larisa
1323 2111 1393 2134 war
1411 2102 1470 2133 der

797 2146 972 2188 Hauptort,
990 2157 1016 2177 c.
1034 2146 1087 2183 47,
1111 2146 1167 2185 10;
1187 2146 1240 2182 36,
1259 2146 1289 2186 8,
1310 2147 1346 2178 2:
1366 2146 1469 2188 Marq.

797 2191 827 2234 3,
849 2191 876 2230 1,
900 2191 972 2222 117.
990 2210 1033 2214 —
1055 2191 1139 2222 Phil.
1157 2211 1179 2214 —
1196 2192 1279 2224 Aut.
1298 2197 1376 2232 otc„
1397 2192 1468 2223 Bei-

798 2237 856 2268 des
885 2237 929 2268 ist
958 2237 1082 2267 vorlicr
1106 2237 1193 2268 nicht
1219 2237 1386 2269 bestimmt
1411 2237 1469 2268 be*

798 2282 935 2324 richtet,
963 2293 1024 2312 nur
1049 2282 1126 2313 (lass
1151 2283 1198 2313 sie
1223 2283 1312 2313 nirlit
1336 2293 1375 2313 zu
1402 2282 1468 2313 An-

798 2328 928 2359 tiochus
954 2327 1195 2367 iibergiengen,
1225 2328 1282 2363 30,
1311 2328 1388 2365 *1123
1419 2327 1469 2357 diu

799 2384 827 2404 c.
847 2373 865 2403 5
883 2373 1061 2404 beriilirtcn
1083 2372 1315 2404 Verliiiltnissc
1335 2372 1467 2402 werdt-n

800 2418 890 2449 nicht
919 2419 1081 2449 erwiilint.
1112 2437 1155 2441 —
1184 2418 1326 2455 malm„
1356 2417 1408 2448 die
1438 2418 1467 2447 iu

799 2464 870 2495 dein
890 2463 1061 2494 concilium
1080 2462 1325 2494 vei-samnii·ll‹·.

845 2501 914 2549 38,
940 2509 956 2539 7
975 2501 1065 2549 «43,
1089 2508 1118 2539 3.
1152 2507 1391 2547 Vei-liamllung
1413 2507 1470 2538 mit

799 2553 954 2585 Perseus.

845 2599 956 2630 8--10,
982 2599 1117 2641 ])ι·ι“ι·ηΙι”,
1138 2598 1200 2636 vgl.
1219 2596 1273 2637 37,
1299 2596 1352 2637 36,
1378 2597 1408 2628 7.
1427 2615 1471 2620 -—

798 2647 997 2688 palernum,
1027 2644 1126 2674 sehon
1152 2642 1216 2673 ›173
1241 2652 1271 2673 a.
1297 2653 1327 2674 n.
1353 2641 1470 2674 trium-

1498 547 1517 579 3

1496 774 1515 805 U*
