1712 2825
95 216 123 234 ²·
146 216 200 242 ch.
227 218 287 243 167.

526 208 649 242 LIBER
674 207 859 241 XXXXV.
908 208 1002 241 CAP.
1021 209 1074 240 44.

1425 211 1508 250 273

96 321 177 349 non
191 314 274 350 tam
294 310 551 351 honorificam
573 310 818 351 audientibus
841 322 959 362 quam
980 311 1053 350 sibi
1074 311 1293 351 deformem
1312 311 1507 351 habuisse.

96 370 272 406 moratus
294 367 395 408 circa
409 368 549 408 urbem
567 367 672 407 XXX
687 367 782 407 haut
802 367 966 418 amplius
989 367 1070 406 dies
1092 367 1131 406 in
1151 380 1315 420 regnum
1337 373 1396 409 est
1415 380 1508 420 pro-
1537 376 1579 408 21

93 422 235 470 fectus,
257 429 467 476 actumque
489 444 508 464 >x
530 425 570 464 in
591 424 679 464 Asia
698 424 844 463 bellum
866 443 884 463 *
907 443 939 463 *.

95 534 182 566 θεοὶ
196 535 365 580 σωτῆρες,
384 547 428 578 vg
429 537 451 568 1.
463 537 494 576 7,
507 536 560 576 30,
575 535 634 574 20;
655 535 695 567 37
700 536 770 575 ,45,

97 578 134 610 9;
151 580 245 613 lzaud
266 592 364 614 secus
381 592 483 624 qaam
500 581 589 613 deos.
611 599 655 603 -
671 581 770 613 audi-

95 628 163 657 ent.
187 645 209 649 —
230 627 298 658 sibi
319 632 403 659 statt
433 628 489 659 des
519 626 770 658 bestimmteren

96 671 179 723 ip8i3
209 671 299 704 Pol.:
307 672 452 726 φανεὶς
471 673 602 708 τελέως
621 668 770 704 εὐκατα-

97 712 281 760 φρόνητος
294 714 609 770 ἀπόκρισινὲλαβε
623 714 670 748 δι’
681 714 768 748 αὐτὸ

96 761 206 793 τοῦτο
235 760 522 808 φιλάνθρωπον.
545 781 589 785 -
608 772 714 802 cerea,
735 762 769 792 in

97 807 162 838 und
183 809 217 840 in
237 808 296 840 (161·
319 808 509 850 Umgegend
532 808 592 839 der
615 806 722 847 stadt,
740 817 767 838 s.

97 849 152 892 31,
183 854 214 894 3,
244 855 280 885 5:
312 864 408 896 quem
438 853 485 885 ad
510 851 648 884 modum
677 862 769 884 61νοα

94 898 198 931 arbes
222 918 243 923 -
266 901 415 932 conciret
431 899 584 930 homines
600 897 647 929 ad
660 907 770 929 arma.

844 554 887 558 —
910 534 1006 567 haud
1020 535 1133 578 ampl.²
1151 536 1385 578 naehgestdlt,
1410 545 1434 567 s.
1455 534 1510 574 37,

844 580 897 620 24,
921 580 958 619 63
986 580 1013 621 1,
1038 580 1095 620 18,
1119 580 1150 612 2.
1187 580 1224 612 L.
1242 581 1343 613 findet
1363 581 1415 613 die
1435 579 1511 612 Zeit

843 636 909 657 von
937 625 979 657 30
1005 625 1117 666 Tagen
1144 626 1224 658 sehr
1252 626 1345 657 kurz.
1382 643 1427 648 —
1455 635 1512 656 ac-

843 673 947 713 tumq.
962 671 1082 712 gehiirt
1098 671 1165 703 wol
1181 671 1266 703 noch
1283 682 1324 702 zu
1340 671 1424 710 dem,
1440 680 1511 702 was

842 727 909 748 von
930 715 1069 748 Prusias
1092 717 1224 748 erziihlt
1245 726 1334 755 wat-3
1365 717 1398 747 in
1423 717 1512 747 Asia

842 761 965 793 bellum
993 761 1140 803 dagegen
1170 762 1298 793 scheint
1321 760 1382 792 mit
1405 760 1511 793 einem

842 807 987 839 anderen
1011 805 1244 848 Gegenstande
1268 807 1300 839 in
1323 805 1512 847 Beziehung

841 852 1021 893 gestanden
1040 863 1081 884 zu
1097 853 1213 884 haben.

171 2666 231 2691 Tit.
250 2666 314 2690 biv.
333 2666 367 2690 Χ.

1207 2665 1246 2696 18
