1712 2825
135 432 155 463 01

188 213 270 253 244
616 211 743 245 LIBER
767 212 932 246 XXXXI.
981 212 1075 246 CAP.
1103 212 1155 245 16.

186 314 232 353 ad
245 315 374 365 Aquas
387 314 580 354 Cumanas
596 315 795 366 profectus
813 316 1101 366 ingravescente
1115 314 1254 354 morbo
1267 314 1399 354 Cumis
1415 314 1593 354 decessit.

185 371 252 409 sed
274 370 364 409 inde
385 375 563 411 mortuus
584 372 751 411 Romam
773 372 920 410 adlatus
943 376 980 410 et
999 371 1136 411 funere
1157 371 1361 422 magnifico
1385 371 1507 410 elatus
1529 383 1595 410 se·
1638 384 1640 386 ·
1658 355 1679 388 .j

183 426 393 477 pultusque
420 432 489 466 est.
540 428 714 478 pontifex
740 428 841 466 idem
868 428 1007 466 fuerat.
1060 427 1197 467 consul
1225 428 1271 474 Q.
1301 426 1472 467 Petillius
1504 439 1594 467 cum

182 482 355 534 primum
375 495 446 535 per
466 484 637 534 auspicia
658 489 807 535 posset,
826 483 991 534 collegae
1006 483 1260 535 subrogando
1280 483 1435 523 comitia
1452 483 1595 523 habere

182 539 314 578 iussus
344 545 382 578 et
408 540 562 578 Latinas
592 540 759 585 edicere,
793 540 949 579 comitia
980 540 1020 578 in
1049 547 1135 579 ante
1165 540 1267 579 diem
1287 540 1446 579 tertium
1467 551 1593 579 nonas

183 595 355 641 Sextiles,
375 595 532 634 Latinas
551 597 590 634 in
612 601 700 635 ante
721 596 824 635 diem
843 596 1003 635 tertium
1023 596 1110 635 idus
1129 596 1289 635 Sextiles
1310 595 1438 635 edixit.
1469 596 1594 647 plenis

181 651 412 702 religionum
440 651 579 690 animis
608 652 783 702 prodigia
812 652 973 703 insuper
1000 653 1191 699 nuntiata,
1223 651 1383 691 Tusculi
1408 652 1534 692 facem
1555 651 1595 692 in

182 707 285 747 caelo
307 707 442 754 visam,
462 706 592 747 Gabiis
615 709 750 747 aedem
767 708 956 758 Apollinis
978 713 1015 747 et
1035 708 1183 759 privata
1204 708 1374 747 aedificia
1395 708 1595 759 conplura,

182 763 374 803 Graviscis
397 776 553 803 murum
575 770 806 815 portamque
827 765 874 803 de
896 765 999 804 caelo
1017 769 1129 804 tacta.
1171 777 1215 804 ea
1232 769 1360 816 patres
1377 765 1594 815 procurari,

182 820 238 859 uti
259 820 464 872 pontifices
487 821 746 869 censuissent,
769 821 978 860 iusserunt.

296 877 395 916 Dum
425 877 607 915 consules
635 877 807 928 primum
835 877 1061 928 religiones,
1091 876 1229 916 deinde
1250 877 1411 917 alterum
1434 876 1592 916 alterius

181 944 291 971 mors
320 937 358 971 et
378 933 534 971 comitia
562 939 600 972 et
625 933 849 972 Latinarum
879 933 1106 972 instauratio
1136 933 1355 984 inpediunt,
1375 933 1531 972 interim
1553 933 1593 973 C.

182 987 362 1027 Claudius
386 989 597 1028 exercitum
613 990 661 1028 ad
682 990 882 1036 Mutinam,
905 1002 1019 1041 quam
1033 989 1194 1040 Ligures
1208 990 1340 1041 priore
1361 1001 1463 1029 anno
1480 1001 1595 1040 cepe-

182 1050 281 1090 rant,
296 1044 478 1083 admovit.
510 1050 596 1084 ante
611 1045 784 1084 triduum
801 1058 917 1096 quam
941 1057 1170 1097 oppugnare
1186 1051 1378 1097 coeperat,
1396 1050 1593 1097 receptam

184 1113 229 1139 ex
245 1100 423 1140 hostibus
442 1101 592 1140 colonis
610 1101 790 1140 restituit.
829 1107 916 1141 octo
939 1102 1043 1140 milia
1065 1102 1116 1140 ibi
1132 1102 1319 1152 Ligurum
1340 1102 1442 1141 intra
1456 1113 1594 1141 muros

184 1169 313 1202 caesa;
341 1156 566 1208 litteraeque
586 1157 754 1197 Romam
776 1159 968 1209 extemplo
1001 1158 1186 1209 scriptae,
1208 1157 1348 1209 quibus
1372 1169 1454 1197 non
1473 1157 1593 1197 modo

180 1225 265 1252 rem
285 1219 507 1264 exponeret,
529 1214 596 1253 sed
619 1214 734 1253 etiam
756 1214 988 1265 gloriaretur
1009 1227 1079 1253 sua
1101 1214 1241 1254 virtute
1262 1227 1307 1254 ac
1325 1214 1503 1254 felicitate
1523 1225 1598 1254 ne-

181 1269 329 1308 minem
355 1269 432 1308 iam
462 1270 516 1309 cis
546 1270 651 1322 Alpis
672 1283 750 1310 esse
779 1271 933 1310 hostem
962 1270 1109 1322 populo
1131 1271 1325 1319 Romano,
1345 1271 1503 1322 agrique
1524 1270 1594 1310 ali-

181 1331 369 1376 quantum
405 1332 579 1377 captum,
617 1327 682 1378 qui
714 1327 845 1367 multis
881 1327 1036 1367 milibus
1066 1327 1272 1366 hominum
1310 1327 1426 1367 dividi
1452 1326 1595 1366 viritim

181 1386 331 1433 posset.

1431 229 1457 247 a.
1478 229 1508 248 u.
1529 221 1591 249 578.
1654 198 1698 230 ¹-ss‘

181 1508 315 1540 ter-dum
331 1510 401 1539 tota
413 1514 567 1547 corpora,
584 1504 758 1536 interdum
768 1515 852 1547 par·-

183 1556 234 1585 tes
257 1553 409 1595 infestat.
445 1552 574 1582 veteres
602 1552 740 1582 autores
770 1550 854 1582 illud

182 1597 416 1635 ἀποπλεξιάν
433 1595 494 1626 hoe
511 1591 725 1639 παράλυσιν
741 1596 851 1626 nomi-

181 1645 413 1675 naz-erunt.—
428 1641 490 1681 Aq.
507 1638 613 1679 Cum„
627 1640 852 1671 wahrschein-

183 1688 246 1720 lich
277 1688 334 1719 das
360 1687 426 1718 Bad
456 1695 520 1715 von
546 1684 659 1724 Baiae,
688 1695 750 1715 von
780 1685 852 1716 dem

183 1732 302 1764 Cumae
328 1742 390 1763 nur
419 1731 437 1762 5
462 1728 589 1761 Millien
621 1728 769 1761 entfernt
799 1730 851 1770 ist,

184 1778 265 1809 oder
297 1777 349 1808 ein
379 1775 443 1807 Ort
475 1775 506 1806 in
539 1775 658 1806 dessen
689 1774 791 1814 Niibe,
825 1784 852 1806 s.

185 1822 317 1854 Vitruv.
336 1821 367 1863 2,
385 1820 422 1852 6:
440 1821 475 1851 in
492 1821 666 1851 montibus
688 1820 854 1851 Cumano-

181 1878 260 1900 rum
278 1870 312 1899 et
327 1866 467 1899 Baianis
483 1867 565 1897 sunt
581 1864 652 1896 loca
667 1864 855 1896 sudationi-

185 1914 246 1944 bus
263 1913 437 1951 eoecavala,
455 1911 490 1941 in
508 1910 628 1951 quibus
648 1920 753 1952 vapor
766 1911 855 1951 ser-

183 1956 281 1988 vidas
298 1957 489 1999 persor-at—
507 1957 645 1986 terram.
660 1972 704 1977 —
715 1956 855 1997 pontis„

186 2011 213 2033 s.
234 2001 288 2040 32,
307 2001 337 2040 7,
356 2000 406 2031 15.

230 2046 260 2076 5.
286 2055 363 2076 cum
376 2045 538 2086 —possetz
557 2053 593 2074 so
612 2043 684 2074 bald
700 2043 749 2075 als
764 2046 854 2084 nilig-

185 2090 267 2126 neh,
317 2089 357 2120 ob
404 2089 462 2120 das
508 2087 749 2128 trinundiuum,
796 2090 854 2120 das

185 2135 350 2167 zwischen
400 2134 459 2164 der
506 2132 750 2173 Ankiindigung
796 2134 853 2165 des

184 2178 382 2219 wahltages
400 2178 465 2209 und
484 2177 607 2208 diesem
625 2178 731 2209 selbst
746 2179 853 2218 flegon

184 2229 319 2264 munte,
337 2222 614 2263 nusgeschlossen
630 2224 763 2254 werden
780 2224 854 2262 soll,

187 2270 233 2302 ist
256 2270 343 2301 nicht
368 2278 409 2299 zu
434 2267 622 2304 erkennen;
655 2268 706 2298 die
732 2269 856 2310 Auspi-

185 2315 257 2346 cien
276 2313 346 2346 sind
372 2313 423 2344 die
447 2323 496 2343 ain
517 2311 695 2351 Wahltago
721 2324 761 2344 zu
787 2315 856 2345 hal-

187 2359 327 2398 tenden,
352 2357 546 2389 schwerlicb
566 2358 700 2388 wurden
722 2358 771 2389 bei
796 2360 855 2390 der

186 2404 443 2442 Anbernumung
470 2401 642 2432 desselben
672 2404 753 2434 ancli
786 2405 852 2435 Au-

186 2449 269 2491 spic.
287 2447 479 2488 angestellt,
499 2446 600 2488 Marq.
621 2447 650 2485 2,
671 2447 700 2484 3,
721 2449 760 2477 55
771 2447 792 2479 Γ.
811 2467 853 2471 —

186 2497 265 2526 ante
283 2493 367 2525 kann
385 2493 456 2524 hier
473 2491 594 2523 ebena«,
614 2493 721 2530 wenig
745 2491 851 2524 selilen

187 2539 236 2569 als
257 2539 296 2569 im
317 2538 423 2578 Folg„
447 2537 513 2576 vgl.
532 2547 559 2568 c.
583 2536 632 2577 17,
655 2538 691 2574 53
718 2538 770 2574 -l3,
802 2539 850 2575 m,

190 2583 248 2620 12;
273 2583 325 2621 45,
350 2583 381 2623 3,
405 2583 442 2617 2:
468 2582 509 2613 ib.
527 2581 558 2621 2,
587 2581 643 2619 123
667 2585 745 2613 mite
762 2582 850 2614 dium

188 2628 271 2660 wird
300 2628 350 2659 uls
381 2628 431 2659 ein
457 2626 592 2668 negriff:
625 2627 684 2658 der
709 2626 847 2669 vortng,

924 1506 989 1537 und
1007 1506 1056 1537 als
1075 1505 1309 1537 indeclinabile
1332 1506 1509 1538 bebandelt
1530 1505 1598 1538 und

925 1551 1051 1582 wieder
1074 1551 1175 1582 durch
1194 1549 1330 1592 Pra'pos.
1356 1551 1427 1591 (in,
1451 1551 1512 1588 ex)
1538 1550 1596 1582 be-

925 1596 1059 1627 stimmt.
1078 1614 1121 1618 —
1138 1594 1182 1628 id.
1199 1593 1305 1636 Sext„
1329 1595 1400 1627 also
1423 1595 1508 1627 iiber
1523 1595 1597 1627 drei

926 1640 1079 1680 Monate,
1102 1650 1177 1671 vom
1202 1640 1232 1671 5.
1258 1639 1323 1672 Mai
1346 1640 1396 1672 bis
1423 1639 1474 1672 11.
1499 1639 1595 1681 Aug„

927 1686 1006 1717 nach
1024 1685 1084 1716 der
1098 1689 1210 1716 ersten
1229 1684 1340 1717 Feier.
1359 1703 1403 1708 —
1418 1684 1506 1728 plen.
1523 1684 1595 1726 rel„

927 1729 958 1770 6,
973 1731 1001 1771 5,
1017 1729 1053 1760 6:
1071 1731 1106 1761 in
1120 1731 1254 1762 civitate
1268 1730 1366 1773 plena
1379 1730 1598 1772 religionum.

926 1793 970 1798 -
986 1774 1134 1818 ρνοάᾁξκ,
1153 1774 1348 1817 Obsequens
1363 1775 1516 1807 erwiihnt
1528 1775 1598 1807 die-

926 1820 1041 1852 selben
1060 1820 1160 1851 nicht.

974 1865 1060 1896 7-9.
1095 1864 1228 1906 Claud.,
1253 1875 1281 1896 c.
1310 1865 1361 1896 14.
1383 1882 1428 1888 —-
1450 1867 1529 1897 aute
1552 1867 1596 1898 tr.

927 1920 1027 1952 quam
1061 1909 1218 1941 bedeutet
1250 1914 1360 1941 sonst:
1400 1909 1472 1941 drei
1505 1909 1598 1950 Tage
1652 1926 1661 1953 J

928 1955 1068 1994 vorher‚
1107 1964 1176 1985 was
1216 1954 1288 1985 hier
1329 1954 1455 1986 sinulos
1493 1955 1597 1995 wiire,

928 1998 1064 2031 deshalb
1083 1999 1164 2030 wird
1185 2008 1220 2030 es
1239 1999 1385 2031 erkliirt:
1403 2009 1466 2031 vor
1477 1998 1600 2032 Ablauf
1660 2011 1672 2044 .'

927 2054 990 2074 von
1016 2044 1087 2075 drei
1106 2042 1218 2084 Tagen
1237 2059 1257 2070 =
1274 2054 1325 2076 am
1348 2044 1472 2077 dritten
1495 2044 1596 2087 Tage,
1643 2052 1656 2084 ἰ,-

929 2089 1103 2128 nncbdem3
1127 2089 1208 2120 doch
1234 2088 1337 2121 findet
1359 2089 1428 2122 sich
1451 2090 1598 2122 schwer-
1645 2095 1671 2123 .'

928 2133 991 2164 lich
1017 2133 1089 2165 eine
1112 2135 1237 2165 undere
1260 2134 1384 2175 stelle,
1413 2144 1464 2166 wo
1486 2135 1596 2168 dieses

929 2188 965 2209 so
990 2179 1214 2218 ausgedriickt
1237 2180 1345 2218 wiire,
1375 2189 1448 2212 man
1472 2190 1598 2212 erwar-
1658 2180 1663 2215 ζ

930 2228 993 2254 tet:
1015 2223 1137 2262 triduo,
1156 2235 1231 2265 quo,
1249 2234 1275 2256 s.
1295 2224 1348 2265 40,
1373 2223 1426 2265 53,
1455 2225 1491 2266 1,
1515 2225 1597 2257 oder
1657 2220 1669 2255 ι’

927 2271 1020 2300 intra
1037 2270 1046 2307 (
1056 2270 1152 2312 pose)
1177 2269 1327 2301 triduum
1349 2280 1462 2312 quam.
1478 2287 1524 2294 —-
1541 2280 1596 2303 ro-
1652 2280 1654 2282 ·

927 2316 1023 2356 cepta
1039 2325 1094 2353 em,
1112 2325 1138 2345 c.
1160 2314 1210 2354 14,
1229 2314 1260 2346 3.
1275 2333 1316 2337 —
1330 2314 1506 2358 litteraeq.,
1525 2325 1553 2348 s.
1566 2326 1595 2347 c.
1650 2323 1657 2330 “

931 2359 981 2399 10,
1001 2359 1037 2397 5ς
1061 2359 1111 2398 12,
1131 2359 1240 2399 4;-10‚
1260 2358 1310 2399 16,
1329 2359 1360 2392 4.
1380 2378 1422 2383 —-
1440 2361 1486 2393 cis
1504 2359 1596 2404 A!p.,

927 2414 954 2434 s.
980 2404 1039 2443 39,
1067 2404 1124 2445 54,
1152 2404 1200 2435 12.
1224 2423 1268 2428 —
1298 2415 1371 2436 esse
1393 2404 1480 2437 kann
1505 2405 1597 2437 nicht

927 2449 991 2479 wol
1007 2448 1128 2489 sehlen,
1146 2460 1174 2481 s.
1189 2449 1242 2489 24,
1261 2449 1291 2487 3,
1311 2449 1341 2481 2.
1354 2467 1398 2473 —
1415 2451 1494 2492 agri
1507 2449 1596 2493 aliq„
1636 2455 1642 2460 '

927 2494 978 2523 oin
1019 2494 1183 2535 zieinlicb,
1229 2494 1414 2526 bedenteud
1458 2504 1594 2536 grossos
1647 2494 1651 2499 '

925 2538 1041 2577 sinet,
1059 2550 1087 2570 s.
1106 2539 1159 2579 42,
1178 2539 1209 2579 4,
1227 2539 1264 2578 3;
1284 2539 1337 2579 36,
1356 2539 1410 2579 39,
1427 2539 1466 2579 3;
1491 2539 1545 2579 38,
1563 2539 1594 2579 7,
1636 2562 1641 2566 .

925 2583 942 2613 -1
959 2593 987 2613 u.
1004 2594 1082 2614 n.—-
1100 2586 1157 2626 qui
1169 2583 1352 2616 istnul'den
1369 2583 1599 2628 Hauptbegriff
1632 2580 1648 2599 ³

923 2626 1081 2668 bezogeu.
1101 2647 1139 2652 —
1161 2631 1293 2672 vire'te'm,
1313 2640 1339 2662 s.
1359 2629 1413 2671 42,
1431 2629 1463 2672 4,
1481 2629 1514 2662 3.
