1712 2825
65 206 91 224 a.
113 198 168 224 cn.
191 199 252 224 111.
456 186 583 219 LIBER
607 185 788 218 xxxxii.
838 186 932 218 cAP.
958 187 1010 219 ce.
1031 187 1085 219 67.
1389 188 1468 228 377

63 291 184 343 partis
205 289 406 340 utriusque
419 287 494 328 fuit
508 288 612 327 nullo
631 292 865 339 expectante,
884 288 976 327 dum
991 294 1201 340 utcumque
1219 290 1470 341 explicaretur

64 359 221 399 agmen,
254 346 322 385 sed
350 344 507 384 armatis
537 345 787 384 deicientibus
810 357 885 396 per
909 357 1096 396 praeceps
1123 347 1386 397 inpedimenta
1413 370 1470 375 —

62 416 188 456 neque
208 403 308 442 enim
331 401 439 440 aliter
459 401 515 439 via
538 401 677 452 aperiri
699 407 854 453 poterat
873 425 939 450 —,
962 401 1159 448 iumentis,
1182 415 1270 441 cum
1293 404 1469 442 stimula-

63 466 216 506 rentur,
244 459 284 497 in
303 458 414 497 turba
436 458 708 497 saevientibus.
749 457 810 496 vix
831 458 878 497 ab
899 458 1099 497 incondito
1121 459 1272 508 agmine
1295 460 1468 510 captivo-
1496 467 1516 499 8

62 528 150 556 rum
177 515 424 566 expedierant
451 527 554 560 sese,
584 527 671 553 cum
692 515 797 565 regio
820 514 964 565 agmini
986 515 1250 566 perculsisque
1273 516 1466 566 equitibus

62 576 281 611 occurrunt.
299 571 352 610 ibi
364 583 453 610 vero
472 571 618 610 clamor
633 571 848 610 iubentium
861 572 1003 610 referre
1020 571 1126 622 signa
1142 572 1275 611 ruinae
1288 573 1465 623 [quoque]

59 640 184 680 prope
205 627 369 667 similem
391 627 689 679 trepidationem
710 627 816 673 feeit,
839 633 882 667 ut
901 631 935 667 si
949 629 1084 667 hostes
1105 628 1250 667 intrare
1271 628 1468 679 angustias

60 685 144 724 ausi
163 684 318 734 longius
339 684 502 723 insecuti
522 690 664 731 essent,
685 696 823 736 magna
844 684 968 724 clades
986 685 1106 736 accipi
1127 685 1308 735 potuerit.
1333 686 1471 724 consul
1499 694 1519 726 9

59 746 215 792 recepto
233 754 276 780 ex
293 741 442 780 tumulo
462 741 669 792 praesidio,
688 746 892 780 contentus
908 742 1063 780 modico
1082 754 1277 789 successu,
1295 742 1333 780 in
1346 747 1472 781 castra

61 798 193 849 copias
222 798 385 837 reduxit.
436 804 546 844 sunt,
576 798 639 848 qui
667 810 712 836 eo
741 798 801 836 die
829 810 969 849 magno
992 798 1142 849 proelio
1164 804 1378 849 pugnatum
1402 811 1471 838 au-

61 860 189 894 ctores
212 855 312 893 sint:
350 860 436 893 octo
458 854 562 893 milia
589 854 759 893 hostium
783 867 902 902 caesa,
924 855 962 893 in
984 855 1043 894 his
1067 855 1278 906 Sopatrum
1303 860 1340 894 et
1360 856 1471 894 Anti-

58 916 212 962 patrum
233 911 362 961 regios
386 911 516 958 duces,
538 911 646 949 vivos
669 916 803 962 captos
825 911 976 951 circiter
997 912 1073 950 duo
1092 911 1194 950 milia
1212 912 1468 963 octingentos,

59 967 165 1018 signa
192 967 370 1006 militaria
397 973 506 1019 capta
533 967 667 1017 viginti
695 973 856 1019 septem.
898 981 970 1007 nec
996 969 1238 1008 incruentam
1268 968 1469 1008 victoriam
1501 976 1541 1009 10

56 1023 199 1063 fuisse:
223 1037 340 1076 supra
363 1030 545 1074 quattuor
565 1024 672 1063 milia
693 1030 732 1063 et
752 1030 947 1064 trecentos
965 1026 1011 1064 de
1028 1025 1197 1064 exercitu
1215 1025 1386 1064 consulis
1406 1038 1469 1065 ce-

59 1080 209 1125 cidisse,
233 1081 341 1131 signa
362 1081 543 1120 sinistrae
563 1082 640 1120 alae
662 1081 831 1132 quinque
853 1082 1008 1120 amissa.

172 1137 244 1176 llic
270 1138 352 1176 dies
380 1143 416 1176 et
437 1138 624 1176 Romanis
653 1138 786 1176 refecit
810 1138 961 1177 animos
991 1143 1028 1177 et
1048 1138 1187 1177 Persea
1218 1138 1392 1189 perculit,
1428 1142 1471 1178 ut
1495 1141 1549 1181 67

59 1193 140 1232 dies
171 1206 316 1245 paucos
344 1194 389 1233 ad
417 1194 612 1245 Mopsium
642 1200 818 1233 moratus
848 1195 1069 1245 sepulturae
1098 1207 1276 1234 maxume
1304 1195 1468 1234 militum

59 1251 296 1289 amissorum
333 1263 442 1296 cura,
481 1251 672 1302 praesidio
711 1251 804 1290 satis
831 1252 953 1290 valido
987 1251 1031 1291 ad
1055 1251 1238 1290 Gonnum
1268 1251 1400 1290 relicto
1429 1252 1470 1290 in

57 1307 321 1346 Macedoniam
356 1307 544 1358 reciperet
578 1307 723 1359 copias.
770 1308 1018 1347 Timotheum
1055 1308 1246 1359 quendam
1274 1320 1318 1346 ex
1349 1307 1465 1359 regiis
1497 1318 1517 1350 2

57 1364 263 1414 praefectis
294 1376 380 1402 cum
410 1364 560 1402 modica
587 1376 706 1403 manu
733 1364 916 1415 relinquit
943 1365 988 1402 ad
1012 1364 1179 1409 Philam,
1208 1365 1360 1403 iussum
1388 1365 1469 1403 Ma-

58 1425 190 1470 gnetas
212 1433 256 1458 ex
277 1420 499 1471 propinquo
522 1425 723 1472 temptare.
762 1433 849 1459 cum
867 1421 1011 1460 Pellam
1034 1421 1215 1467 venisset,
1239 1421 1408 1460 exercitu
1429 1420 1468 1459 in
1498 1431 1517 1463 3

56 1476 219 1516 hiberna
256 1477 418 1516 dimisso
449 1478 533 1528 ipse
561 1489 648 1516 cum
675 1477 791 1528 Cotye
813 1477 1136 1517 Thessalonicam
1168 1483 1228 1516 est
1256 1477 1467 1529 profectus.

56 1545 102 1572 eo
123 1533 223 1572 fama
246 1533 415 1573 adfertur
435 1533 637 1581 Autlebim,
659 1535 835 1584 regulum
858 1535 1065 1581 Thracum,
1088 1542 1119 1573 et
1138 1533 1364 1585 Corragum,
1387 1534 1467 1573 Eu-
1495 1544 1518 1576 4

61 1667 118 1710 10,
154 1667 213 1708 36,
252 1667 304 1699 13.
339 1687 383 1690 -
418 1670 564 1710 utriusq.
595 1679 628 1711 p.
665 1670 725 1701 der

56 1712 204 1744 Phalanx
229 1713 292 1744 und
313 1713 372 1744 der
389 1711 570 1744 Cretenser
587 1715 645 1745 niit
661 1715 724 1745 den

57 1758 202 1797 wagan.
226 1775 270 1780 —
289 1761 437 1799 expet-L,
457 1758 496 1789 ob
515 1759 657 1790 darnach
675 1762 723 1800 ut,

57 1802 110 1842 23,
129 1803 183 1843 ³1,
202 1803 232 1838 7,
251 1804 302 1835 nd.
319 1803 407 1843 (lum,
427 1804 476 1843 10,
493 1803 545 1841 36,
562 1803 591 1843 2,
605 1814 726 1843 ausge-

57 1846 158 1879 fanen
174 1849 228 1888 ist,
243 1849 328 1880 liisst
341 1849 408 1880 sicli
425 1848 727 1882 niclitbestiinmcn.

56 1911 100 1916 —
118 1893 288 1933 deit-ient„
313 1894 371 1932 21,
390 1893 449 1932 33,
470 1894 500 1925 7.

102 1937 212 1970 8-10.
231 1939 375 1976 ιἠσοητΙ.,
391 1939 444 1977 44,
459 1939 510 1980 39,
531 1939 723 1981 l.—-re3·i0‚

55 1984 127 2015 dem
162 1984 219 2015 init
251 1985 321 2016 dein
352 1983 459 2024 lizinig
489 1984 723 2022 konimcndcn3

51 2029 248 2073 perculse'sq,
275 2030 319 2061 ist
336 2029 527 2071 explicativ.
545 2048 588 2052 —
607 2032 726 2062 ruinae

50 2085 106 2118 pr.
124 2086 169 2115 S.,
189 2084 215 2106 s.
234 2075 287 2115 21,
305 2074 358 2114 33,
379 2076 414 2106 ἵε
434 2075 488 2114 44,
506 2075 535 2116 5,
558 2075 592 2115 13
613 2076 654 2107 ib.
674 2076 726 2117 41,

56 2119 87 2150 7.
107 2138 150 2143 —
166 2122 245 2152 sunl
262 2139 283 2143 —
300 2121 385 2160 sint,
403 2120 434 2159 4,
453 2120 511 2160 20,
530 2120 567 2158 6;
591 2121 644 2160 10,
664 2121 724 2160 26,

55 2164 93 2203 ὃς
118 2164 155 2196 L.
175 2165 269 2197 stelit
293 2166 353 2197 der
370 2165 506 2204 Aug-'ibe
531 2165 589 2197 des
609 2166 724 2209 Polyb.

53 2210 106 2242 die
136 2210 283 2249 weniger
305 2210 512 2249 glaublichen
536 2211 601 2242 und
625 2211 724 2243 iiber—

54 2255 248 2287 treibenden
268 2256 328 2286 der
346 2255 542 2287 Annalisten
562 2257 644 2288 oder
665 2257 724 2288 des

53 2299 210 2332 Valerius
235 2301 352 2332 Antias
369 2301 570 2341 gegmiiber,
590 2301 725 2342 Nissen,

54 2344 116 2384 933
154 2346 207 2377 (55.
255 2345 314 2377 Die
341 2346 382 2377 im
415 2345 510 2385 Foig.
536 2352 725 2386 gcnannten

54 2389 200 2423 konntcn
231 2391 312 2422 anch
339 2391 368 2422 in
394 2391 499 2422 einem
522 2392 650 2423 ininder
669 2393 725 2423 be-

55 2435 240 2468 deutenden
257 2435 724 2478 60106016ΐηΙΙυιι.-ιἠ1ιι”.ς,

55 2479 77 2522 ξ
90 2482 120 2513 5.
131 2499 173 2504 —
187 2492 293 2525 supra
307 2486 382 2521 etc„
398 2492 438 2512 zu
453 2482 507 2521 40,
521 2482 574 2521 40,
593 2482 625 2514 11
640 2493 649 2521 ;
669 2483 722 2522 27,

55 2525 109 2568 42,
126 2526 156 2558 7.
175 2544 219 2549 —
237 2526 276 2558 de
294 2537 406 2559 earm-c.
425 2527 478 2565 40,
498 2526 551 2567 -18,
571 2527 600 2558 7.
616 2545 658 2551 -
676 2530 723 2559 si-

53 2581 171 2649 gng'f·
189 2572 724 2660 1113„leli{¹‚‘¹li'g·{15ig¹gg-P‘lunr-

800 1670 896 1701 tiere.

847 1714 933 1746 1-5.
972 1714 1044 1746 (Ises
1076 1718 1160 1746 statt
1188 1714 1246 1745 des
1270 1723 1310 1745 an
1337 1713 1408 1744 dem
1427 1713 1467 1745 T.

798 1758 1046 1791 Geschehenen.
1063 1759 1203 1803 parvul„
1221 1759 1300 1790 Tac.
1314 1759 1400 1790 Anu.
1418 1759 1468 1798 14,

798 1804 838 1835 41
852 1816 858 1835 :
871 1804 1014 1846 perculi!
1027 1806 1056 1836 is
1071 1805 1140 1836 dies
1148 1805 1362 1846 I’ompet'um:
1377 1804 1468 1835 vicll.

799 1850 843 1881 ist
860 1851 909 1881 rea
926 1851 1068 1881 darnach
1086 1848 1302 1890 ausgesallen,
1321 1850 1469 1880 schwer-

798 1895 861 1926 licli
879 1894 1034 1938 perpulit,
1050 1898 1089 1927 ut
1106 1906 1146 1926 zu
1166 1895 1269 1926 lesen.
1290 1913 1330 1917 —
1347 1893 1468 1937 Jlops„

799 1951 825 1971 c.
845 1941 899 1981 (55,
922 1941 1007 1972 1.—
1026 1950 1115 1982 eura,
1140 1944 1165 1979 l,
1184 1940 1238 1980 34,
1261 1940 1271 1971 1
1295 1939 1471 1971 u.o.-ad

801 1984 923 2025 Gemi„
950 1986 980 2016 in
1001 1985 1153 2024 Gonnus,
1180 1985 1302 2016 ebenso
1325 1984 1371 2016 ad
1387 1985 1468 2016 Pla·-

798 2031 875 2067 lam,
891 2031 943 2069 39,
958 2030 1011 2070 53,
1031 2031 1085 2062 14:
1099 2030 1419 2074 c1cll²lu·l1ppop011·n;
1437 2029 1468 2069 6,

800 2076 828 2116 2,
848 2076 882 2107 δε
899 2076 945 2108 ad
960 2076 1135 2113 illaec-sum,
1152 2077 1301 2116 liiiuliger
1315 2076 1468 2107 bezeich-

800 2126 857 2152 net
879 2122 925 2153 ml
947 2121 997 2152 bei
1023 2122 1259 2153 Stiidtenainen
1285 2121 1336 2152 die
1363 2120 1467 2161 Nube,

799 2177 827 2198 s.
846 2166 905 2205 211,
933 2167 989 2208 20,
1006 2167 1042 2204 23
1063 2167 1104 2199 ib.
1124 2167 1182 2205 30,
1204 2167 1220 2196 7
1242 2177 1271 2197 u.
1290 2176 1338 2204 a.,
1357 2167 1388 2197 in
1407 2175 1465 2196 an—

799 2213 900 2244 deren
927 2212 1182 2244 Verhiiltnisscn
1207 2212 1288 2242 auch
1315 2212 1375 2242 den
1396 2210 1467 2251 Ort,

798 2267 862 2297 wo,
882 2268 908 2289 s.
927 2257 979 2298 28,
1002 2258 1051 2296 ls,
1071 2257 1104 2288 2:
1127 2257 1173 2289 ml
1186 2259 1343 2300 penales:
1367 2256 1394 2297 l,
1414 2256 1467 2296 20,

800 2303 835 2334 5:
859 2302 905 2334 ad
928 2302 1067 2346 templa:
1092 2313 1131 2333 an
1159 2313 1188 2333 n.
1210 2303 1258 2333 St.
1281 2302 1365 2332 kann
1384 2301 1466 2332 auch

799 2348 850 2380 die
866 2347 1051 2388 Uingcgcnd
1067 2348 1124 2379 init
1137 2345 1277 2379 umsasst
1292 2348 1380 2377 scin:
1400 2345 1468 2385 vgl.

799 2404 826 2425 c.
854 2393 909 2433 12,
937 2393 970 2425 l:
995 2393 1096 2436 apud.
1121 2411 1164 2416 --
1183 2393 1289 2433 regiis
1315 2392 1356 2422 ist
1375 2400 1468 2421 zwin-

799 2439 889 2470 nicht
923 2438 1150 2477 nothwendig,
1192 2438 1272 2468 aber
1306 2435 1393 2467 nicht
1426 2445 1467 2467 zu

796 2483 983 2515 enti'erncn.
1012 2503 1054 2507 —
1089 2482 1218 2514 Philam
1252 2480 1468 2512 unmittelbar

798 2529 1002 2560 noi-‹liisllich
1029 2529 1140 2560 hinton·
1163 2525 1467 2568 '1'‹·1111›··,j.l'yr-

798 2572 917 2614 ghi-to,
943 2574 1076 2615 lleuzey
1102 2572 1187 2613 διΙΙῖ,
1206 2582 1267 2602 nur
1288 2571 1388 2602 durch
1407 2571 1465 2603 dus

797 2619 997 2651 l’cneustlial
1023 2629 1085 2649 von
1107 2616 1276 2657 Magnesia
1296 2620 1465 2658 getrennt,
