1712 2825
209 201 289 240 196
652 198 779 233 LIBER
803 199 955 234 XXXX.
1003 199 1097 232 CAP.
1114 199 1169 232 49.

204 301 304 340 intra
320 312 468 352 paucos
486 300 566 340 dies
582 301 623 340 in
640 302 873 343 deditionem
891 302 1056 354 accepit3
1071 301 1212 353 praeda
1230 301 1376 353 potitus
1389 300 1537 351 ingenti
1547 307 1619 343 est.

156 366 177 398 2
206 357 394 397 convertit
419 357 507 396 inde
527 370 665 409 agmen
686 365 790 399 retro
805 391 813 407 ‚
840 359 942 398 unde
963 364 1138 404 venerat,
1167 358 1213 397 ad
1235 358 1370 404 Alcen,
1398 362 1511 409 atque
1531 371 1618 399 eam

158 421 178 453 3
206 414 344 453 urbem
375 413 598 465 obpugnare
626 415 776 455 institit.
826 415 1008 467 oppidani
1037 415 1206 466 primum
1235 415 1411 466 inpetum
1442 415 1618 455 hostium

206 471 497 517 sustinuerunt3
525 471 686 519 deinde,
714 485 802 511 cum
823 473 899 511 iam
921 484 1004 510 non
1024 471 1140 510 armis
1164 471 1282 510 modo
1305 471 1372 510 sed
1388 471 1502 510 etiam
1520 483 1618 523 ope-

203 527 310 566 ribus
329 526 658 578 obpugnarentur,
675 528 791 567 diffisi
808 528 1002 580 praesidio
1020 528 1125 567 urbis
1142 528 1180 566 in
1198 540 1326 567 arcem
1337 527 1506 566 universi
1520 540 1616 567 con-

155 593 178 625 4
206 588 425 631 cesserunt3
452 589 655 635 postremo
684 590 720 624 et
746 585 836 624 inde
864 585 1089 636 praemissis
1120 583 1338 623 oratoribus
1360 583 1401 622 in
1422 583 1616 624 dicionem

205 653 247 679 se
268 652 415 691 suaque
437 640 566 680 omnia
583 641 770 680 Romanis
792 642 1065 693 permiserunt.
1098 652 1237 691 magna
1255 640 1344 679 inde
1360 640 1501 692 praeda
1517 642 1617 681 facta

204 702 275 736 est.
314 696 424 735 multi
455 697 596 747 captivi
625 697 777 737 nobiles
805 698 844 736 in
866 703 1098 749 potestatem
1119 702 1317 744 venerunt,
1337 696 1438 736 inter
1459 709 1557 748 quos
1578 702 1616 737 et

154 763 174 795 5
203 753 344 793 Thurri
372 753 437 790 filii
464 753 539 792 duo
568 758 606 792 et
632 754 716 793 filia.
756 754 911 805 regulus
939 755 1002 794 hic
1022 767 1153 793 earum
1175 754 1347 804 gentium
1369 758 1470 801 erat,
1500 754 1616 806 longe

203 809 500 860 potentissimus
520 811 695 849 omnium
713 811 990 863 Hispanorum.
1022 811 1149 850 audita
1171 822 1333 849 suorum
1351 810 1456 849 clade
1471 811 1617 860 missis,

156 876 175 907 6
203 865 268 917 qui
289 866 405 904 fidem
426 866 592 906 venienti
609 868 647 906 in
670 872 793 907 eastra
815 867 861 906 ad
880 868 1095 907 Gracchum
1118 872 1304 918 peterent,
1327 866 1443 905 venit.
1475 872 1513 906 et
1531 867 1614 919 pri-

202 935 310 961 mum
333 922 520 973 quaesivit
539 923 584 962 ab
607 936 674 970 eo,
707 924 831 963 sibine
851 924 982 963 liceret
999 937 1042 963 ac
1062 924 1144 962 suis
1167 924 1304 962 vivere.
1348 935 1435 962 cum
1457 928 1615 975 praetor

200 979 392 1017 victurum
413 979 694 1030 respondisset,
717 981 902 1031 quaesivit
923 981 1074 1028 iterum,
1096 980 1232 1019 sicum
1250 979 1435 1019 Romanis
1453 979 1616 1020 militare

943 1083 977 1113 in
993 1083 1116 1123 potest.
1134 1082 1300 1112 venerunt
1321 1079 1524 1121 proleptisch
1548 1080 1614 1112 und

203 1076 330 1123 ὥσπερ
355 1077 394 1111 ἐν
416 1081 497 1115 ταῖς
512 1083 752 1124 θριαμβικαῖς
773 1092 872 1123 πομ-

945 1127 1036 1157 w'zire
1058 1125 1146 1156 nicht
1163 1125 1388 1165 nothwendig.

202 1126 308 1164 παῖς,
328 1123 419 1155 Flor.
442 1124 470 1165 l,
489 1124 530 1156 33
549 1125 593 1165 (2,
614 1126 680 1166 17),
704 1126 740 1157 9;
767 1124 870 1158 Grac-

1457 216 1485 234 a.
1506 216 1534 234 u.
1554 208 1618 236 575.
1644 212 1646 214 ’
1704 236 1706 238 .

1708 908 1712 929 ..
1705 848 1712 894 -..m
1707 826 1712 838 -
1691 542 1712 816 ...Αμμι-ιῌῆιι.
1702 507 1712 531 .κ
1701 447 1712 495 -..·->
1698 413 1703 417 ¹

201 1170 449 1201 chus-centum
478 1172 511 1201 et
540 1172 789 1213 quinquaginta
810 1181 869 1203 ur-

201 1216 293 1246 bium
325 1217 495 1247 eversione
529 1216 683 1248 multavit
719 1215 872 1256 (Celtibe-

200 1263 288 1300 ros->3
310 1259 406 1292 Oros.
427 1260 448 1291 Ι.
468 1261 489 1292 l.
508 1264 641 1293 centum
655 1264 798 1304 quinque
813 1271 870 1304 op-

197 1304 279 1347 pida
323 1308 466 1337 vacuata
506 1309 732 1348 quassataque
778 1306 870 1338 bellis

199 1349 245 1382 ad
253 1349 454 1381 deditionem
467 1353 587 1391 coegit,
603 1352 688 1382 dann
700 1350 871 1384 Gracchus

197 1398 339 1438 praetor
355 1395 481 1427 ibidem
504 1398 627 1428 iterum
651 1396 794 1428 ducenta
813 1407 871 1439 op-

197 1439 278 1483 pida
295 1443 523 1483 eoepugnaz·it;
546 1442 608 1472 wie
627 1442 691 1472 viel
710 1442 815 1473 davon
832 1441 868 1473 L.

200 1487 242 1516 im
260 1483 338 1525 solg.
358 1485 476 1526 Buche,
494 1486 613 1518 desscn
628 1486 759 1526 Ansang
776 1486 869 1525 fehlt,

201 1530 332 1561 erz'ahlt
351 1531 458 1569 hatte,
485 1531 571 1562 l‘a'sst
596 1532 664 1563 sich
691 1532 779 1563 nicht
797 1536 869 1563 ent-

200 1575 374 1613 scheiden3
390 1577 661 1608 wahrscheinlich
672 1587 782 1607 waren
795 1578 870 1608 dort

200 1621 280 1651 auch
296 1620 346 1651 die
362 1631 424 1651 von
437 1620 563 1663 Appian
579 1622 771 1653 erw'zihnten
783 1621 870 1653 Ver-

201 1665 295 1705 trago
314 1665 463 1697 beriihrt.
496 1667 545 1698 An
566 1677 597 1697 u.
616 1667 664 1699 St.
683 1667 782 1698 sollte
798 1677 870 1698 man

197 1710 319 1751 jedoch
340 1710 402 1743 CV
419 1711 499 1742 oder
520 1711 571 1743 CL
595 1712 718 1755 oppida
743 1722 870 1743 erwar-

202 1760 267 1787 ten.
292 1773 335 1778 -—
356 1757 389 1787 in
420 1756 522 1802 dedg’t.
546 1759 661 1801 accip„
691 1767 759 1788 was
789 1758 870 1789 eben

200 1803 321 1842 iugum
355 1803 545 1845 acciperent
572 1807 716 1841 genannt
745 1803 871 1834 wurde.

201 1863 245 1868 -—
262 1848 368 1885 retro,
386 1857 418 1878 u.
437 1857 478 1888 tu,
496 1846 550 1888 24,
565 1847 619 1889 20,
638 1847 669 1879 3.
688 1866 732 1871 —
749 1850 869 1888 instit„

204 1891 257 1931 25,
280 1890 330 1930 19,
349 1892 379 1922 7.

248 1935 337 1966 3—4.
376 1946 503 1978 praes.,

203 1980 272 2011 sich
292 1980 449 2011 schiitzen
469 1992 509 2012 zu
525 1981 666 2013 kiinnen.
680 1999 724 2004 —-
738 1985 771 2013 et
786 1981 872 2021 iude,

201 2025 284 2056 auch
310 2035 372 2056 von
399 2026 449 2064 da,
474 2026 504 2057 iu
533 2026 643 2065 Bezug
666 2025 725 2056 anf
749 2027 870 2069 (lysis-i,

203 2070 284 2101 oder
324 2070 508 2112 iiberhaupt
548 2072 608 2101 den
651 2071 775 2110 Begrill'
813 2073 871 2103 des

202 2114 431 2155 Nachgebens,
441 2116 500 2146 der
513 2116 552 2147 im
562 2115 768 2155 Vorhergch.
780 2117 871 2155 liegt.

200 2162 290 2191 -1'71
305 2159 424 2192 (Ιιόιόη.
444 2161 499 2191 hat
514 2160 629 2192 Gelan.
644 2162 871 2201 geschrieben,

202 2206 254 2236 die
274 2204 337 2238 ΜΖ.
358 2206 511 2244 Ausgabe
533 2207 587 2236 hat
610 2206 823 2246 deditionem,
843 2218 869 2238 S.

203 2252 234 2290 8,
255 2250 308 2290 20,
328 2253 362 2282 ti:
382 2252 475 2293 ipsos
493 2262 529 2282 su
545 2253 578 2282 in
602 2251 768 2283 (livionem
792 2263 869 2283 cou-

202 2295 287 2327 sulis
305 2315 325 2318 -
342 2298 591 2339 permiserunt:
625 2296 710 2328 Vell.
738 2297 806 2328 l’at.
837 2298 867 2337 2,

203 2340 261 2371 37:
281 2352 316 2372 se
337 2351 534 2382 regnumque
559 2342 678 2372 ‹lic-inni
705 2343 774 2373 vius
795 2353 868 2382 prr-

203 2386 302 2424 misit,
320 2397 346 2417 ει.
367 2397 406 2417 zu
426 2386 480 2426 34,
499 2387 551 2424 35,
576 2386 624 2423 10,
644 2387 708 2425 vgl.
735 2388 789 2425 37,
815 2388 869 2427 -15,

203 2430 240 2467 33
260 2430 313 2468 33,
336 2431 385 2471 17,
408 2431 464 2469 153
491 2441 530 2462 an
556 2442 584 2462 u.
611 2432 659 2463 St.
687 2433 729 2462 ist
749 2432 871 2464 nonm-

202 2477 255 2506 πίε
288 2487 349 2506 von
388 2479 585 2519 permittere
616 2477 779 2515 abhiingig
811 2488 868 2516 gc-

203 2521 328 2557 manhu
349 2522 388 2551 ob
406 2523 486 2552 nun-h
500 2524 532 2553 in
547 2521 748 2553 deditionem
762 2533 798 2553 sa
811 2523 871 2553 ali-

203 2567 257 2596 cui
276 2569 476 2608 pet-ruillere
504 2572 621 2606 gcsngt
650 2568 783 2598 worden
810 2568 869 2605 sci,

203 2610 246 2640 ist
266 2610 476 2642 zwezsvnmst.
496 2630 538 2635 —
561 2614 686 2656 captivi
703 2613 746 2644 ist
764 2613 868 2644 nabun

541 1937 611 1968 hier
641 1937 700 1968 der
730 1938 870 1968 Schutz:

989 1170 1076 1202 5-7.
1095 1180 1224 1209 earum,
1239 1170 1348 1210 derer,
1364 1179 1417 1201 um
1431 1169 1483 1201 die
1498 1179 1534 1202 es
1543 1170 1614 1202 sich

944 1215 1090 1255 handelt,
1110 1225 1136 1246 s.
1154 1214 1207 1253 39,
1227 1214 1279 1254 46,
1298 1214 1336 1253 63
1357 1213 1409 1256 32,
1433 1213 1488 1256 37,
1511 1215 1549 1255 23
1576 1225 1613 1247 es

944 1261 1018 1292 sind
1039 1260 1105 1291 wol
1123 1260 1353 1292 celtiberische
1377 1260 1442 1291 und
1459 1264 1613 1303 carpeta-

945 1307 1056 1337 nische
1071 1316 1112 1336 zu
1120 1304 1487 1347 versteheu.-——fidem‚
1503 1306 1611 1337 siche-

944 1362 998 1382 res
1015 1350 1136 1392 Geleit,
1155 1350 1209 1391 38,
1224 1350 1255 1390 9,
1270 1350 1308 1389 43
1327 1350 1407 1382 Sall.
1422 1349 1445 1382 I.
1459 1350 1511 1392 35,
1525 1351 1555 1382 7.
1568 1368 1614 1374 -—

943 1406 1056 1438 quaes.
1070 1397 1110 1427 ab
1125 1406 1174 1434 eo,
1193 1396 1308 1436 sibine,
1325 1396 1406 1427 nach
1421 1394 1536 1437 Gron.,
1554 1396 1613 1428 das

943 1442 1013 1472 hds.
1032 1443 1073 1472 ab
1090 1451 1127 1472 co
1145 1452 1186 1472 nc
1209 1442 1274 1472 sibi
1300 1441 1386 1472 kann
1414 1441 1612 1473 schwerlich

944 1486 1075 1517 erklart
1103 1486 1252 1517 werden:
1287 1495 1349 1517 von
1380 1487 1492 1517 seiner
1520 1486 1613 1518 Seite

944 1532 1025 1562 oder
1047 1541 1110 1574 per
1128 1541 1219 1571 enm,
1250 1530 1373 1562 ebenso
1397 1531 1505 1571 wenig
1526 1531 1613 1562 liisst

944 1577 1011 1607 sich
1030 1586 1143 1617 quaes.
1161 1577 1202 1607 ab
1220 1586 1270 1615 ee,
1294 1586 1336 1607 ue
1357 1576 1423 1607 sibi
1437 1575 1612 1607 schreiben

943 1622 1007 1652 und
1026 1632 1067 1652 nc
1085 1622 1146 1652 wie
1167 1621 1246 1652 nach
1271 1620 1344 1652 vide
1361 1631 1392 1651 u.
1413 1621 1442 1652 a.
1462 1622 1613 1662 nehmen,

944 1677 971 1697 s.
1006 1666 1096 1697 Hand
1137 1665 1286 1697 Tursell.
1319 1665 1351 1704 4,
1383 1664 1444 1705 89;
1478 1665 1612 1698 Andere

945 1721 1047 1742 verm.
1072 1712 1113 1742 ab
1136 1722 1189 1752 eo,
1213 1721 1296 1743 num
1319 1711 1401 1741 oder
1423 1721 1512 1743 anne
1535 1711 1613 1752 sibi,

945 1757 1025 1788 oder
1039 1756 1158 1797 deflito,
1177 1757 1258 1787 oder
1270 1756 1416 1788 liber-one
1428 1757 1505 1797 sibi,
1519 1756 1613 1788 viell.

946 1802 1076 1833 schrieb
1095 1801 1131 1833 L.
1151 1802 1213 1833 suh
1239 1812 1319 1833 eone
1341 1802 1416 1841 sibi,
1441 1812 1469 1833 s.
1487 1801 1540 1843 42,
1557 1800 1613 1843 30,

945 1847 983 1885 53
1000 1847 1059 1878 der
1073 1846 1251 1888 Hiiuptling
1266 1846 1346 1877 wird
1360 1847 1411 1877 die
1421 1845 1613 1879 Unterwer-

945 1890 1026 1931 sung
1043 1897 1141 1922 unter
1165 1892 1222 1922 das
1249 1891 1410 1922 romische
1433 1889 1522 1922 Volk
1546 1891 1613 1923 und

946 1937 1064 1967 dessen
1097 1934 1264 1967 Anliihrer
1304 1935 1392 1967 nicht
1433 1946 1470 1967 so
1503 1934 1618 1968 scharf

946 1981 1143 2021 geschieden
1171 1981 1292 2019 haben,
1318 1980 1501 2013 besonders
1519 1981 1558 2013 da
1576 1990 1612 2013 es

946 2037 982 2057 so
1025 2025 1072 2057 oft
1113 2026 1216 2057 heis-st
1254 2027 1288 2057 in
1327 2026 1493 2058 dicionem
1531 2035 1612 2059 con-

945 2071 1042 2109 salis,
1060 2073 1231 2113 praetoris
1248 2072 1374 2110 venire,
1393 2071 1458 2112 vgl.
1477 2070 1531 2111 28,
1557 2070 1612 2112 34,

946 2118 981 2147 S:
1016 2118 1165 2148 victuros
1197 2127 1260 2148 suo
1293 2119 1393 2158 atque
1424 2116 1542 2160 populi
1572 2115 1612 2149 Il.

945 2162 1119 2203 berwjicim
1141 2172 1213 2192 zum
1230 2161 1403 2193 Ausdruck
1422 2162 1488 2202 vgl.
1506 2161 1613 2194 plaut.

943 2205 1062 2238 Pseud.
1098 2206 1108 2237 1
1124 2233 1130 2245 ,
1162 2207 1191 2246 3,
1222 2206 1280 2237 22:
1305 2206 1432 2246 le'celne,
1463 2209 1612 2248 obsecro,

942 2254 1061 2292 vie-ere,
1091 2263 1132 2283 an
1157 2263 1222 2282 11011
1252 2251 1337 2283 livet.
1372 2252 1418 2283 Da
1442 2251 1611 2284 Gracchus

943 2307 1004 2327 nur
1022 2299 1189 2329 victurum
1207 2301 1398 2337 nntwortet,
1422 2307 1459 2328 so
1483 2297 1609 2337 wiirde,

946 2353 1037 2373 wenn
1054 2343 1176 2373 vorlwr
1193 2352 1232 2373 ac
1250 2343 1380 2382 richtig,
1399 2342 1487 2374 nicht
1503 2343 1612 2374 viciu-

945 2398 999 2418 ros
1019 2398 1058 2418 zu
1078 2388 1168 2418 lesen
1189 2388 1242 2425 ist,
1265 2397 1327 2418 nur
1343 2387 1415 2418 dem
1434 2386 1611 2429 Hiiuptling

944 2433 1049 2463 selbst
1067 2433 1158 2463 scine
1179 2433 1265 2463 niue
1283 2432 1443 2472 gewiihrt,
1463 2442 1534 2464 man
1554 2442 1611 2464 er-

944 2482 1065 2508 warh-t
1083 2478 1184 2509 daher
1199 2477 1315 2508 {iem-ae
1332 2487 1405 2508 cum
1420 2479 1510 2517 suis3
1529 2477 1611 2509 oder

944 2523 995 2553 «lio
1021 2522 1127 2560 {fruge
1154 2523 1208 2553 hat
1237 2522 1357 2553 andr-rs
1381 2521 1542 2561 gelcnutet.
1566 2539 1610 2545 —

944 2569 975 2598 si
1007 2586 1011 2589 -
1030 2567 1130 2608 Iit-er„
1154 2578 1179 2598 s.
1200 2568 1256 2608 32),
1275 2568 1326 2607 50,
1344 2567 1374 2598 7.
1393 2585 1435 2590 —-
1453 2568 1610 2609 quoniam

943 2616 1021 2653 etc„
1039 2623 1074 2643 cs
1094 2613 1177 2644 nissi
1196 2613 1263 2643 sich
1282 2612 1478 2644 schwerlich
1497 2611 1610 2644 ermit-
