1712 2825
229 199 306 239 190
637 196 765 230 LIBER
789 197 941 230 XXXX.
975 197 1068 230 CAP.
1087 197 1142 229 45.
1168 196 1223 230 46.

1474 214 1501 232 a.
1522 215 1550 233 u.
1571 208 1635 235 575.

174 308 195 339 4
224 313 335 347 nam,
366 299 468 339 muri
495 299 636 351 pinnae
657 300 802 352 aliquot
821 299 919 339 locis
941 300 1127 339 decussae
1147 304 1268 339 erant.
1308 299 1403 340 haec
1422 300 1524 340 inter
1541 313 1637 354 pro·
1670 297 1697 328 ’Ἀ

174 363 192 393 5
224 357 322 408 digia
351 356 571 396 nuntiatum
601 361 638 396 et
658 357 704 396 ab
727 357 841 395 Reate
861 356 1053 408 tripedem
1075 360 1210 395 natum
1231 356 1394 396 mulum.
1435 357 1485 396 ob
1505 370 1547 396 ea
1565 357 1638 398 de·

224 407 383 453 cemviri
410 413 508 452 iussi
536 413 642 452 adire
672 413 792 452 libros
822 413 994 460 edidere,
1031 413 1171 464 quibus
1206 413 1280 452 diis
1308 419 1346 453 et
1369 418 1465 465 quot
1493 414 1635 453 hostiis

223 470 524 515 sacrificaretur,
557 474 595 508 et
627 469 866 520 [fulminibus
896 469 1098 521 complura
1124 469 1209 509 loca
1238 469 1475 509 deformaret
1501 471 1635 510 aedem

173 532 192 564 6
220 527 334 577 Iovis]
357 531 401 566 ut
420 526 649 578 supplicatio
668 526 769 565 diem
785 538 907 565 unum
925 532 1039 565 esset.
1070 526 1149 565 ludi
1167 527 1305 565 deinde
1319 526 1435 566 votivi
1452 527 1498 574 Q.
1514 527 1635 567 Fulvii
1659 522 1663 549 9

221 583 393 623 consulis
414 596 484 635 per
505 583 585 621 dies
607 583 737 622 decem
760 595 902 634 magno
925 583 1112 634 adparatu
1132 583 1234 622 facti.

334 639 549 679 Censorum
577 639 667 678 inde
694 639 848 678 comitia
875 639 1020 687 habita,
1048 641 1163 679 creati
1191 640 1240 679 M.
1257 639 1443 679 Aemilius
1463 639 1635 692 Lepidus

221 697 396 748 pontifex
422 696 612 735 maximus
642 701 679 735 et
699 696 746 735 M.
770 696 925 736 Fulvius
947 696 1142 741 Nobilior,
1173 696 1237 748 qui
1260 709 1305 735 ex
1327 696 1472 735 Aetolis
1493 696 1634 736 trium-

170 760 188 790 7
223 754 417 805 phaverat.
455 753 554 792 inter
581 753 655 792 hos
676 753 778 792 viros
799 753 950 792 nobiles
971 753 1192 792 inimicitiae
1213 757 1339 799 erant,
1369 765 1484 805 saepe
1503 753 1636 792 multis
1660 775 1667 790 .-

220 815 258 849 et
285 810 324 849 in
352 815 489 849 senatu
521 815 558 848 et
588 810 634 848 ad
665 809 856 861 populum
887 809 1083 849 atrocibus
1111 809 1319 849 celebratae
1347 808 1634 849 certaminibus.
1663 854 1666 857 Δ

172 872 191 904 8
220 866 388 906 comitiis
411 866 610 911 confectis,
633 871 686 912 ut,
709 866 892 905 traditum
911 867 1123 918 antiquitus
1141 872 1212 914 est,
1231 878 1413 905 censores
1430 866 1469 905 in
1487 865 1634 918 Campo

220 924 266 962 ad
290 936 394 962 aram
416 923 547 961 Martis
569 922 671 961 sellis
695 923 892 962 curulibus
915 924 1193 971 consederunt,
1215 935 1291 974 quo
1309 927 1470 974 repente
1487 922 1633 974 princi-

218 992 287 1031 pes
311 985 534 1019 senatorum
558 991 643 1018 cum
668 980 821 1030 agmine
842 985 1030 1019 venerunt
1051 980 1227 1026 civitatis,
1244 980 1342 1018 inter
1359 991 1457 1030 quos
1475 979 1521 1027 Q.
1539 978 1634 1018 Cae·
1665 1006 1670 1009 κ

139 1038 193 1076 46
222 1036 330 1075 cilius
341 1036 514 1075 Metellus
530 1036 646 1075 verba
661 1036 769 1075 fecit:
792 1036 912 1083 „Non
930 1036 1037 1075 obliti
1053 1049 1203 1083 sumus,
1220 1048 1416 1083 censores,
1432 1047 1501 1074 vos
1518 1035 1635 1086 paulo

224 1098 311 1132 ante
346 1092 392 1131 ab
420 1092 600 1131 universo
629 1092 775 1143 populo
798 1092 975 1132 Romano
1005 1093 1181 1131 moribus
1209 1092 1356 1132 nostris
1386 1092 1633 1144 praepositos

219 1162 318 1197 esse,
340 1154 378 1188 et
396 1161 470 1188 nos
493 1161 512 1187 a
536 1148 646 1187 vobis
664 1154 701 1187 et
722 1149 924 1188 admoneri
945 1154 983 1188 et
1002 1149 1095 1200 regi,
1118 1161 1200 1188 non
1220 1162 1290 1188 vos
1311 1161 1331 1188 a
1347 1148 1464 1187 nobis
1481 1148 1659 1188 debere.-

168 1216 187 1248 2
218 1206 466 1245 indicandum
495 1210 624 1245 tamen
646 1210 723 1252 est,
753 1206 842 1257 quid
866 1218 1001 1245 omnes
1022 1206 1150 1245 bonos
1172 1205 1212 1244 in
1234 1205 1344 1245 vobis
1365 1210 1432 1245 aut
1452 1205 1636 1245 obfendat
1684 1215 1689 1258 ἰ

1673 1258 1689 1275 ’.δ

216 1317 274 1359 26,
296 1318 353 1357 14,
371 1318 390 1349 6
415 1318 576 1349 erw'zihnt.
593 1335 637 1340 —
653 1319 812 1361 murip„
836 1318 888 1349 die

215 1363 353 1396 Manem
378 1363 489 1402 galteri
514 1363 564 1394 als
586 1363 701 1403 heilig,
728 1363 762 1402 1,
789 1363 824 1403 7,
849 1363 886 1401 23

215 1418 287 1440 man
312 1407 412 1439 sollte
433 1410 465 1439 et
488 1418 533 1440 m.
550 1408 675 1450 pimme
700 1408 780 1439 oder
797 1410 891 1440 muri

216 1457 648 1541 qqu—ug·phaeezvilffiffinbr.⁵
673 1498 703 1529 in
723 1499 783 1530 der
800 1497 889 1537 Zeit2

216 1544 244 1575 in
265 1544 325 1575 der
340 1562 361 1566 -
379 1543 581 1583 verkiindigt
599 1553 725 1585 waren,
749 1544 831 1575 Sall.
851 1542 886 1576 C.

215 1588 257 1620 43
268 1614 276 1629 ‚
295 1588 330 1620 3:
348 1590 438 1621 inter
455 1589 535 1620 haec
551 1591 674 1631 par-ata
692 1591 725 1620 et
740 1588 886 1629 decreta,

215 1634 280 1674 vgl.
300 1633 336 1665 L.
356 1633 416 1673 30,
435 1633 488 1672 38,
511 1633 566 1664 1οε
584 1636 672 1665 inter
690 1644 775 1676 quae
791 1645 822 1665 u.
837 1634 886 1672 ἃς

215 1679 298 1710 iiber
314 1679 367 1710 die
386 1678 711 1719 Zwischenstellung
730 1680 790 1711 der
807 1678 888 1711 Prii-

216 1735 284 1767 pos.
311 1724 394 1757 Plin.
419 1724 466 1766 Ep
498 1724 534 1764 5,
560 1723 594 1765 6,
619 1724 655 1756 δε
679 1725 742 1756 llas
762 1727 889 1757 inter—

215 1770 325 1810 colIes,
343 1770 410 1810 vgl.
427 1780 468 1800 zu
483 1769 536 1809 32,
559 1769 610 1809 13,
631 1769 658 1809 1,
678 1775 773 1802 sonst
787 1769 889 1801 findet

215 1816 284 1847 sich
303 1815 355 1846 bei
373 1815 408 1846 L.
429 1815 521 1846 mehr
537 1817 586 1856 in,
609 1826 663 1857 επ,
681 1825 755 1847 cum
775 1826 811 1846 so
831 1825 888 1855 ge—

215 1861 320 1892 stent.
338 1879 383 1883 —
401 1860 538 1904 !7·1'ped.‚
564 1871 590 1891 c.
617 1860 646 1898 2,
666 1860 703 1899 43
729 1871 769 1892 an
788 1871 819 1891 u.
838 1860 886 1891 St.

214 1907 270 1937 hat
288 1916 324 1937 es
343 1905 464 1948 Obseq.
484 1905 707 1945 iibergangen.
724 1924 768 1928 —
785 1905 884 1945 edid„

215 1951 272 1987 30,
293 1951 328 1990 2,
349 1950 404 1988 13;
432 1950 486 1990 36,
505 1950 558 1990 37,
577 1952 606 1982 5.
626 1950 886 1992 —sulmluibus

214 2014 235 2018 —
259 1995 348 2027 lovis
378 1996 450 2026 sind
481 1996 562 2026 nach
588 1995 720 2034 Madvig
742 2005 801 2026 aus
825 1994 845 2037 ξ
865 1995 884 2026 3

217 2041 432 2078 wiederholt3
460 2039 673 2081 deformaret
698 2041 786 2071 hatte
811 2051 883 2072 inan

215 2086 245 2117 in
270 2085 466 2127 deformata
489 2085 720 2123 ummiindert,
751 2086 790 2116 da
817 2085 883 2116 bis-

215 2131 334 2162 weilen
352 2131 404 2161 ein
424 2130 626 2170 Prodigium,
653 2141 678 2161 s.
697 2131 756 2171 30,
776 2130 834 2170 22,
854 2131 884 2170 4,

215 2176 263 2207 ost
293 2175 488 2206 namentlicli
519 2177 578 2207 der
603 2176 799 2215 Steinregen
827 2176 884 2207 be-

215 2221 354 2253 sonders
372 2221 514 2260 gesiihnt
532 2221 633 2259 wird,
658 2231 683 2251 s.
704 2221 762 2260 21,
787 2220 844 2262 (52,
864 2221 884 2251 6

215 2278 246 2298 u.
269 2277 320 2306 ιι.,
344 2275 383 2296 an
410 2276 440 2297 u.
459 2265 507 2296 St.
535 2266 637 2296 limlet
656 2267 707 2297 die
726 2266 885 2305 Siilmung

215 2312 273 2343 wie
298 2322 325 2343 c.
346 2311 382 2350 2,
405 2311 424 2342 4
443 2322 474 2341 ιι.
493 2322 522 2342 ιι.
543 2315 636 2342 stult.
654 2329 698 2334 —-
714 2311 802 2351 Indi,
832 2311 883 2352 39,

261 2397 332 2442 45,
355 2395 481 2433 6—46.
515 2400 612 2432 wahl
645 2401 707 2432 und
738 2400 882 2432 Versiili-

216 2458 302 2486 nung
325 2447 384 2478 der
408 2446 594 2482 Censoren,
627 2446 692 2476 (tie.
720 2447 759 2476 (le
790 2457 882 2488 prov.

215 2503 305 2523 coiis.
325 2493 354 2531 9,
372 2492 424 2529 20,
445 2491 534 2523 Fest.
556 2491 737 2529 Religionis
754 2502 782 2532 p.
799 2492 881 2530 2⁸53

215 2537 289 2569 val.
311 2537 398 2568 Max.
417 2537 447 2577 ¹1,
467 2538 496 2578 2,
519 2535 656 2575 1;(;ι-,ΙΙ.
683 2536 730 2573 12,
751 2539 780 2568 Ἀ.

261 2584 290 2613 6.
323 2593 452 2614 censor.
477 2592 577 2620 com.,
609 2581 681 2612 bnld
707 2582 785 2611 unctu
811 2581 882 2612 dem

216 2628 431 2659 Amtsnntritt
448 2628 507 2659 der
525 2627 680 2664 Cunsuln,
701 2626 752 2667 41,
772 2626 825 2665 27,
849 2627 882 2664 13

963 1317 1022 1358 39,
1047 1318 1109 1358 41,
1134 1318 1165 1349 5.
1189 1336 1233 1341 -
1255 1317 1394 1360 Aemie„
1426 1317 1486 1359 31,
1512 1315 1564 1349 18.
1589 1335 1632 1340 —-

960 1366 1051 1407 pont.
1070 1374 1177 1402 max„
1197 1374 1225 1394 c.
1243 1362 1296 1404 42,
1315 1362 1368 1395 12.
1384 1381 1429 1386 —-
1446 1374 1491 1395 eoe
1507 1362 1632 1403 Aetol„

961 1419 987 1440 s.
1008 1419 1035 1441 c.
1055 1408 1108 1448 34,
1128 1410 1163 1447 73
1188 1419 1249 1440 zur
1267 1407 1371 1440 Sache
1390 1407 1444 1449 39,
1465 1409 1496 1448 5,
1518 1407 1569 1439 11.
1587 1425 1632 1430 —-
1669 1423 1687 1461 ιο.

959 1453 1103 1494 nobiles,
1129 1453 1185 1494 39,
1210 1453 1247 1493 4,
1273 1453 1304 1486 8.
1321 1472 1366 1477 -
1382 1464 1483 1497 saepe
1497 1463 1559 1493 m.‚
1577 1451 1631 1493 26,

964 1498 1019 1536 14,
1044 1497 1074 1530 2.
1093 1516 1136 1521 ——
1152 1501 1185 1529 in
1207 1509 1276 1530 sen.
1296 1498 1343 1530 ad
1356 1509 1453 1542 pop.,
1479 1497 1532 1538 30,
1554 1497 1582 1538 1,
1600 1498 1632 1530 5.
1674 1507 1679 1511 ·

960 1560 1004 1566 -·
1033 1543 1170 1584 celebr„
1200 1542 1248 1574 ost
1275 1543 1393 1584 geiibt,
1424 1543 1493 1574 sich
1523 1541 1572 1574 oft
1599 1543 1632 1574 in

960 1587 1168 1620 feindlichem
1201 1588 1301 1620 Sinne
1336 1598 1440 1629 gegen
1473 1587 1632 1619 einander

959 1635 1226 1676 ausgesprochen
1245 1634 1376 1673 hatten,
1395 1643 1421 1665 S.
1444 1633 1472 1673 1,
1490 1633 1521 1675 4,
1537 1632 1575 1672 93
1599 1631 1630 1673 6,

961 1678 1013 1720 32,
1034 1679 1069 1718 1;
1089 1679 1201 1719 Lange
1218 1678 1250 1719 2,
1269 1678 1354 1718 2303
1373 1678 1450 1710 207.

1008 1724 1038 1756 8.
1066 1725 1182 1757 tradit.
1207 1727 1294 1763 ant,
1318 1724 1397 1756 nach
1421 1723 1521 1755 altem
1545 1722 1631 1755 Her-

961 1769 1129 1810 kominen,
1161 1770 1250 1801 nicht
1273 1768 1416 1807 Gesetz;
1445 1769 1494 1800 sie
1520 1772 1631 1800 treten

960 1815 1032 1846 also
1071 1814 1285 1847 unmittelbar
1322 1814 1403 1846 nach
1437 1814 1496 1846 der
1528 1813 1630 1845 Wah!
1666 1828 1671 1834 »

1674 209 1699 226 ·.”.

1668 227 1686 236 “
1697 233 1699 244 ι

1672 251 1679 265 ·,
1688 252 1698 260 w

1665 271 1690 293 ..a
1694 267 1699 284 ²

1688 294 1698 301 ι

1659 311 1694 364 ξ,

1668 468 1670 471 ’
1678 457 1696 487 .”“

961 1861 1140 1901 (consectis
1159 1860 1257 1900 com.)
1271 1860 1329 1891 das
1343 1859 1419 1891 Amt
1432 1869 1484 1898 an,
1504 1857 1632 1890 Becker
1659 1853 1674 1894 ‘a
1709 1894 1712 1901 1

960 1905 991 1943 2,
1012 1905 1042 1946 2,
1065 1905 1136 1936 194.
1156 1923 1198 1928 —-
1215 1915 1278 1937 ara
1290 1903 1348 1945 M„
1366 1901 1506 1935 uufdem
1522 1902 1630 1935 Mars-

960 1949 1066 1990 felde,
1085 1960 1137 1980 wo
1155 1950 1235 1981 auch
1254 1950 1313 1980 der
1330 1948 1456 1981 Census
1474 1948 1628 1990 gehalten
1670 1962 1681 1988 :5
1710 1945 1712 1956 '

959 1995 1056 2036 wira,
1079 2005 1105 2026 s.
1126 1994 1177 2036 35,
1198 1995 1248 2034 ιο,
1270 1994 1327 2033 ¹23
1354 1993 1478 2026 Becker
1497 1993 1526 2035 1,
1547 1992 1627 2032 1343
1672 2006 1681 2021 .·
1710 1988 1712 2001 ·

958 2040 1035 2071 629.
1049 2057 1094 2063 ——
1107 2040 1189 2072 sella
1207 2050 1291 2079 cmx,
1310 2039 1488 2071 Mommsen
1506 2038 1534 2079 1,
1553 2038 1629 2071 782.

957 2103 1002 2108 —
1031 2087 1133 2124 civit„
1162 2086 1222 2116 der
1248 2083 1500 2125 Biirgerschaft,
1529 2084 1630 2127 zeigt,

958 2132 1035 2162 dass
1058 2141 1097 2162 an
1116 2131 1188 2162 eine
1207 2130 1464 2171 Senatssitzung
1481 2129 1570 2161 nicht
1587 2139 1629 2161 zu
1671 2153 1679 2168 ,

958 2176 1085 2207 denken
1105 2176 1158 2215 ist,
1178 2175 1287 2216 Lange
1302 2175 1332 2215 2,
1351 2174 1428 2206 342.
1442 2192 1484 2198 -—
1500 2173 1629 2217 Camil„
1670 2188 1680 2211 ι

958 2221 1010 2262 23,
1030 2221 1090 2260 213
1109 2220 1163 2261 39,
1182 2220 1236 2253 24.

1004 2261 1073 2298 46.
1102 2266 1183 2297 1-5.
1212 2265 1314 2309 paulo
1336 2276 1368 2297 a.
1393 2274 1457 2296 von
1481 2264 1542 2296 der
1563 2262 1650 2296 Ge-'
1677 2277 1679 2280 ’

958 2316 1108 2351 genwnrt
1139 2312 1198 2343 des
1222 2311 1397 2343 Redenden
1423 2319 1482 2341 aus
1511 2309 1567 2341 hat
1590 2307 1628 2341 L.
1674 2310 1677 2315 ”

958 2356 1141 2398 mehrl'ach,
1159 2367 1184 2388 s.
1204 2357 1257 2397 39,
1277 2355 1329 2394 36,
1349 2355 1379 2387 8.
1398 2372 1437 2377 —
1455 2353 1577 2386 morib.
1593 2364 1628 2386 n.
1671 2375 1677 2387 .

957 2413 1000 2445 p.,
1017 2403 1074 2434 das
1089 2403 1232 2442 regimen
1247 2411 1370 2432 morum
1380 2398 1627 2441 der-Censoren,
1672 2419 1673 2423 =

958 2447 1102 2478 welches
1134 2447 1206 2478 hier
1230 2446 1390 2478 zuniichst
1415 2444 1445 2475 in
1472 2444 1628 2476 Betraeht
1670 2473 1673 2478 ,

958 2492 1046 2531 knm,
1071 2503 1096 2523 s.
1118 2492 1243 2523 Becker
1260 2492 1296 2528 2,
1318 2490 1355 2531 2,
1375 2489 1456 2530 208,
1481 2487 1627 2521 weshalb

958 2538 1039 2568 nuel·
1065 2539 1141 2578 regi
1167 2537 1208 2568 im
1229 2535 1320 2576 Folg.
1343 2536 1432 2567 nieht
1449 2534 1536 2566 wohl
1553 2531 1627 2566 seb-

960 2582 1010 2613 l‹·n
1032 2582 1129 2613 kann.
1147 2600 1190 2605 —
1207 2580 1287 2624 quid
1302 2591 1417 2612 ‹ernues
1435 2580 1480 2619 b.,
1505 2580 1625 2611 darana

958 2627 1000 2658 ist
1024 2638 1064 2657 zn
1089 2630 1258 2659 mutatum
1275 2626 1355 2659 mal.
1372 2626 1421 2657 nls
1439 2624 1532 2666 Subj.
1553 2633 1624 2656 om-
