1712 2825
67 217 94 236 a.
115 210 170 237 Ch.
192 210 253 236 183.

510 197 638 231 LlssER
659 196 825 230 xxx1x.
873 195 964 229 CAP.
984 196 1041 229 50.
1422 197 1475 237 99

65 316 160 344 saxo
183 302 369 355 quadrato
390 306 581 353 saeptum.
621 313 666 340 eo
688 301 837 340 vinctus
859 298 1089 346 demittitur,
1109 303 1147 337 et
1166 311 1302 338 saxum
1323 298 1474 350 ingens,

67 374 144 413 quo
167 359 349 412 operitur,
369 358 547 398 machina
567 356 901 409 superinpositum
923 361 994 394 est.
1035 356 1086 394 ita
1107 354 1193 393 loco
1210 357 1341 406 potius
1359 368 1473 407 quam
1503 362 1526 395 4

66 416 216 457 homini
245 415 424 467 cuiquam
455 415 683 454 credendam
713 413 927 453 custodiam
955 412 1026 451 rati
1054 411 1179 450 lucem
1207 412 1475 463 insequentem

65 477 374 524 expectaverunt.
422 476 582 523 postero
619 472 679 510 die
705 469 912 510 multitudo
943 468 1098 520 quidem
1127 469 1297 519 integra,
1324 481 1477 508 memor
1505 475 1524 507 5

63 529 322 581 pristinorum
343 528 425 568 eius
445 528 485 567 in
507 528 700 568 civitatem
721 527 966 573 meritorum,
987 525 1224 577 parcendum
1245 537 1290 563 ac
1304 537 1373 576 per
1387 538 1475 564 eum
1530 537 1532 539 ’

61 586 232 625 remedia
249 586 469 637 quaerenda
485 598 571 624 esse
586 584 848 637 praesentium
864 582 1057 622 malorum
1075 581 1303 629 censebant,
1320 581 1388 620 sed
1407 581 1472 620 de·
1502 588 1521 620 6

61 642 241 682 fectionis
269 647 465 688 auctores,
493 654 660 693 quorum
689 642 728 680 in
748 652 868 680 manu
888 652 951 678 res
972 638 1124 690 publica
1145 643 1241 686 erat,
1266 637 1306 676 in
1327 644 1475 677 secreto

64 698 328 738 consultantes
368 710 505 738 omnes
536 698 583 737 ad
613 710 748 736 necem
779 697 862 736 eius
895 695 1207 742 consentiebant,
1247 695 1314 733 sed
1345 699 1477 733 utrum

61 759 301 794 maturarent
320 767 369 794 an
390 755 588 794 differrent
608 753 884 805 ambigebatur.
925 752 1014 791 vicit
1034 764 1125 804 pars
1141 751 1288 790 avidior
1309 762 1476 802 poenam
1512 770 1519 788 A

61 811 284 863 missusque
300 811 365 863 qui
380 823 572 851 venenum
589 811 718 850 ferret.
750 815 907 862 accepto
922 809 1063 861 poculo
1080 808 1178 847 nihil
1189 807 1289 846 aliud
1301 808 1477 847 locutum

59 868 193 907 ferunt
212 881 328 920 quam
350 869 562 920 quaesisse,
584 868 616 907 si
637 867 842 906 incolumis
859 867 1045 918 Lycortas
1066 888 1119 893 —
1141 866 1174 904 is
1191 865 1286 903 alter
1303 865 1476 915 impera-

58 929 124 964 tor
142 924 386 964 Achaeorum
407 930 489 964 erat
507 948 562 953 -
583 925 809 976 equitesque
830 923 1056 963 evasissent.
1096 926 1307 973 postquam
1331 921 1476 960 dictum
1505 929 1524 961 S

60 985 121 1020 est
139 981 355 1021 incolumes
378 994 482 1028 esse,
505 981 635 1029 „bene
655 981 800 1020 habet“
821 980 963 1031 inquit,
984 984 1022 1018 et
1043 978 1186 1030 poculo
1209 978 1387 1028 inpavide
1410 990 1476 1016 ex-

59 1037 200 1077 hausto
227 1038 331 1078 haud
357 1038 408 1078 ita
436 1038 557 1077 multo
586 1042 679 1090 post
705 1038 925 1088 exspiravit.
972 1047 1052 1074 non
1081 1035 1308 1074 diuturnum
1337 1034 1476 1073 mortis
1505 1043 1524 1075 9

59 1094 141 1134 eius
162 1095 344 1146 gaudium
365 1095 588 1134 auctoribus
611 1094 846 1133 crudelitatis
866 1094 950 1132 fuit.
991 1092 1088 1131 victa
1109 1103 1278 1142 namque
1298 1091 1478 1130 Messene

59 1149 157 1189 bello
175 1151 474 1202 exposcentibus
489 1150 651 1189 Achaeis
670 1151 813 1189 dedidit
828 1150 980 1195 noxios,
996 1160 1164 1199 ossaque
1181 1147 1327 1186 reddita
1342 1147 1475 1186 Philo-

61 1207 263 1258 poemenis
285 1211 377 1246 sunt
397 1211 434 1245 et
454 1207 630 1258 sepultus
653 1206 698 1245 ab
721 1207 903 1245 universo
921 1205 1088 1245 Achaico
1108 1210 1168 1243 est
1184 1204 1361 1252 concilio,
1380 1204 1475 1243 adeo

0 1358 1 1380 ³
60 1364 120 1396 der
152 1363 236 1396 oben
265 1374 328 1396 nur
355 1365 415 1396 mit
444 1365 537 1396 einer
565 1364 730 1404 Oeffnung

59 1410 266 1441 versehener
296 1409 470 1448 Steinbau3
502 1409 615 1441 solche
640 1409 728 1441 The-

58 1454 457 1495 sauren,Schatzhiiuser,
472 1455 606 1486 werden
622 1456 730 1486 mehr-

58 1498 130 1531 sach
146 1500 307 1540 erwiihnt‚
325 1510 352 1532 s.
371 1499 457 1532 Guhl
474 1511 505 1532 u.
528 1498 642 1532 lioner
669 1501 728 1531 das

58 1544 170 1577 Leben
201 1545 261 1577 der
290 1544 423 1578 Griech.
452 1556 483 1577 u.
514 1544 608 1577 Rom.
641 1544 727 1584 75f.,

58 1589 221 1631 philolog.
248 1590 300 1631 19,
324 1591 356 1622 7.
377 1609 421 1614 —
445 1601 534 1623 saoeo
557 1590 670 1633 quad„
698 1591 727 1631 1,

56 1634 111 1677 26,
131 1635 183 1667 14.
196 1653 242 1659 ——
257 1645 320 1678 quo
339 1646 441 1679 oper„
460 1637 519 1667 der
533 1636 625 1667 Stein
645 1636 728 1667 wird

54 1679 234 1722 jedesmal,
270 1691 364 1712 wenn
396 1682 455 1712 der
486 1681 642 1712 Beh'alter
669 1691 730 1721 ge-

58 1724 230 1756 schlossen
261 1726 395 1756 werden
419 1725 499 1766 soll,
530 1724 650 1757 darauf
669 1736 727 1766 ge-

57 1768 149 1810 legt;
173 1769 254 1801 oder
276 1770 334 1801 das
353 1769 446 1802 Priis.
466 1770 510 1801 ist
526 1781 589 1801 von
609 1770 728 1813 Polyb.

59 1814 221 1846 entlehnt.
236 1832 280 1838 —
297 1815 463 1856 machina,
488 1815 602 1853 Hebel,
623 1815 729 1847 Hebe-

57 1860 239 1901 maschine,
268 1859 372 1892 Plut.:
403 1857 468 1892 τὸν
489 1861 600 1892 λίθον
625 1859 727 1904 ἐπιρ-

59 1901 233 1948 ράξαντες
256 1900 394 1950 ἄνδρας
411 1902 590 1941 ἐνόπλους
606 1903 725 1948 κύκλῳ

57 1949 317 1994 περιέστησαν.
350 1968 394 1973 —-
432 1952 636 1995 sapei-Imp„
671 1950 726 1992 21,

60 1994 189 2071 1⁷55⁸—8.
219 2042 373 2083 integra,
402 2050 431 2072 s.
458 2040 487 2084 9,
517 2041 571 2083 46,
605 2040 655 2072 13.
680 2059 724 2063 —

55 2095 208 2126 memora,
225 2096 251 2117 s.
267 2097 307 2117 zu
322 2097 350 2118 c.
365 2086 418 2125 49,
436 2086 486 2117 11.
502 2104 545 2109 ——
559 2086 686 2118 remed.
702 2104 723 2108 —

54 2139 168 2174 praes.
185 2131 275 2171 mal„
294 2131 455 2163 zuniichst
473 2131 519 2163 ist
535 2132 594 2162 der
612 2130 724 2163 Absall

55 2185 119 2206 von
137 2176 199 2207 den
214 2176 380 2217 Aehiiern,
397 2176 476 2208 aber
492 2177 573 2208 auch
589 2176 654 2208 wol
669 2177 721 2208 die

55 2219 251 2252 Herrschast
278 2222 337 2252 der
364 2221 598 2254 Aristokraten
625 2227 724 2265 (quo—

54 2276 133 2298 rum
150 2284 171 2288 —
188 2269 285 2298 erant
301 2267 341 2298 im
359 2266 466 2307 Folg.)
485 2268 637 2308 gemoint,
657 2267 724 2308 vgl.

55 2310 126 2342 Pol.
146 2310 200 2351 24,
222 2311 271 2342 12.
291 2329 334 2334 —
351 2322 433 2355 pars
451 2323 502 2344 av.
523 2323 569 2355 μ,
590 2312 677 2345 Plut.
696 2323 723 2344 c.

54 2355 113 2387 20:
144 2352 163 2387 ὁ
189 2354 228 2388 δὲ
253 2353 502 2400 Δεινοκράτης
518 2376 539 2379 m
557 2357 636 2389 ἐπεὶ
661 2355 727 2395 ’νὺξ

53 2398 204 2443 ἐπῆλθε,
218 2401 277 2433 καὶ
295 2398 334 2433 τὸ
350 2402 493 2442 πλῆθος
507 2399 726 2446 ἀπεχώρησε

57 2445 130 2479 τῶν
154 2448 403 2488 Μεσσηνίων,
429 2443 579 2484 ἀνοίξας
601 2446 640 2479 τὸ
666 2446 725 2480 δἐ-

59 2488 271 2536 σμωτήριον
303 2492 506 2536 εῖςίπεμψε
539 2489 726 2536 δημόσιον

55 2535 202 2578 οἰκέτην
225 2549 246 2580 q
258 2534 428 2581 εἰρμακον
451 2537 660 2581 κομίζοντα.
680 2556 724 2561 —

45 2581 178 2623 ferret,
197 2582 249 2622 23,
267 2583 300 2624 9,
318 2584 354 2621 5;
375 2583 405 2622 6,
424 2583 452 2623 3,
473 2584 503 2614 2.
517 2600 560 2606 -
575 2583 724 2615 locutum

55 2625 170 2658 wiirde
202 2638 275 2659 mun
310 2629 397 2660 nicht
437 2628 618 2660 verinissen
659 2629 722 2660 und

804 1362 906 1395 Gron.
946 1363 1016 1394 will
1050 1373 1085 1394 es
1124 1362 1245 1402 tilgen,
1291 1362 1373 1393 doch
1406 1362 1473 1403 vgl.

801 1419 908 1451 agere
925 1408 978 1447 41,
998 1408 1057 1447 23,
1079 1407 1130 1439 12.
1150 1426 1191 1430 -
1217 1417 1343 1449 quaes„
1363 1410 1402 1447 si,
1421 1408 1475 1448 40,

801 1454 856 1494 49,
875 1453 911 1492 63
934 1453 985 1493 34,
1005 1454 1035 1492 3,
1051 1454 1082 1486 5.
1096 1471 1139 1475 —
1153 1452 1240 1484 alter
1254 1454 1335 1495 Imp.
1351 1453 1395 1484 ist
1410 1453 1475 1484 wol

801 1509 994 1540 ungenauer
1008 1498 1185 1530 Ausdruck
1203 1503 1286 1529 statt
1302 1498 1473 1540 Hipparch,

802 1545 841 1576 da
871 1545 924 1576 die
949 1544 1080 1575 Achiier
1109 1543 1234 1575 bereits
1264 1544 1329 1575 seit
1358 1544 1476 1584 langer

802 1589 878 1621 Zeit
912 1589 1030 1621 einen
1065 1590 1243 1629 Strategen
1280 1589 1414 1628 hatten,
1449 1599 1474 1620 s.

801 1634 872 1666 Pol.
893 1635 922 1676 2,
942 1634 1002 1673 2133
1024 1634 1143 1666 Strabo
1160 1633 1189 1673 8,
1211 1634 1240 1673 7,
1259 1633 1277 1664 3
1293 1644 1323 1676 ρῆ.
1338 1632 1415 1664 335.
1430 1651 1474 1657 —

802 1681 883 1711 bene
900 1681 944 1717 le„
963 1680 992 1720 6,
1011 1679 1063 1720 35,
1089 1680 1126 1717 S;
1152 1678 1257 1709 Plut.:
1284 1677 1321 1710 εὐ
1345 1678 1473 1721 λέγεις.

803 1722 902 1767 εἰμὴ
921 1721 1044 1756 πάντα
1061 1724 1180 1759 κακῶς
1197 1721 1460 1767 πεπράχαμεν.

847 1770 879 1800 9.
905 1772 1007 1801 mort.
1026 1771 1078 1810 ml,
1103 1780 1131 1800 c.
1150 1769 1204 1808 47,
1226 1769 1277 1800 io.
1294 1787 1338 1792 —
1353 1770 1470 1810 gaud„

801 1815 868 1853 vgl.
887 1814 916 1852 2,
936 1814 989 1852 4⁶2,
1018 1814 1045 1845 1.
1070 1833 1114 1837 —
1141 1815 1241 1855 victa,
1266 1814 1317 1844 die
1341 1814 1473 1845 Achiivr

802 1869 960 1899 zwangen
980 1863 1076 1890 unter
1094 1859 1258 1901 Lycortas
1278 1857 1473 1898 Anl'iiliruug

801 1905 853 1935 die
869 1904 1058 1935 Messenier
1075 1905 1143 1936 sich
1162 1904 1287 1935 wieder
1301 1914 1341 1934 zu
1356 1908 1471 1935 unter-

802 1948 946 1989 werfen,
982 1949 1051 1981 Pol.
1087 1949 1143 1990 24,
1179 1948 1236 1986 12;
1273 1948 1472 1981 Dinocrates

803 1995 932 2026 ttidtete
957 1995 1025 2025 sich
1051 1994 1172 2036 selbst,
1198 1994 1284 2025 Plut.
1309 2005 1337 2025 c.
1357 1993 1410 2026 21.
1429 2012 1473 2018 —

799 2039 956 2072 Messene
974 2040 1036 2071 wie
1055 2050 1082 2071 c.
1102 2039 1156 2079 48,
1175 2040 1214 2077 53
1240 2040 1280 2070 im
1299 2038 1394 2080 Folg.
1414 2041 1472 2071 hn-

799 2084 859 2116 ben
885 2086 937 2117 die
959 2085 1032 2116 Hss.
1057 2087 1198 2124 nomios,
1229 2089 1324 2116 sonst
1349 2084 1472 2118 kiinnte

798 2141 870 2162 man
901 2130 1006 2162 dediti
1027 2132 1125 2162 nowii
1145 2135 1324 2161 erwarten.
1356 2148 1401 2153 —-
1429 2132 1470 2163 ab

798 2177 888 2207 univ.
906 2176 1000 2215 .’1.ο.,
1019 2176 1069 2207 die
1086 2175 1294 2215 Magistrate,
1310 2175 1368 2206 das
1383 2175 1472 2207 Hoet-

798 2222 862 2252 und
882 2222 968 2252 viele
986 2221 1117 2252 Anderc
1142 2221 1246 2259 gabon
1271 2221 1332 2251 der
1349 2219 1470 2252 Leiclie

798 2267 856 2298 dns
878 2265 1008 2298 Geleite
1033 2267 1111 2297 nach
1133 2266 1382 2307 Philopoemenis
1404 2265 1470 2297 Ge-

799 2311 985 2343 burtsstudt
1000 2311 1229 2353 Megalopolis,
1245 2311 1312 2349 vgl.
1328 2310 1412 2341 Plut.
1427 2327 1470 2333 —-

799 2357 898 2388 adeo:
922 2358 970 2388 sie
994 2357 1132 2396 giengen
1158 2357 1188 2387 in
1209 2358 1269 2387 den
1289 2355 1468 2386 inensrlili-

801 2403 880 2434 chen
916 2402 1265 2441 Ehrenbczeugungon
1300 2411 1336 2431 so
1379 2400 1467 2437 weit,

799 2447 876 2479 dass
900 2448 958 2488 sie,
985 2448 1064 2478 nncli
1085 2445 1314 2487 Ersvliiipl'ung
1339 2444 1470 2475 dei-sol-

799 2492 877 2530 ben,
915 2493 1003 2524 nieht
1031 2492 1148 2523 eininal
1179 2502 1272 2525 usw.,
1309 2489 1389 2519 doch
1427 2490 1470 2520 ist

798 2538 850 2569 die
878 2537 975 2569 Furni
1005 2536 1269 2576 ungewiihnlivli‚
1301 2544 1374 2564 zum
1401 2533 1468 2564 Ge-

797 2583 924 2614 danken
944 2583 1010 2620 vgl.
1032 2582 1143 2613 lustin.
1165 2581 1194 2614 5,
1221 2580 1249 2619 ·l‚
1279 2579 1332 2609 13:
1357 2581 1469 2609 ornul—

798 2630 859 2660 bus
877 2639 942 2660 non
962 2628 1118 2659 immanis
1139 2626 1270 2656 tantum
1297 2634 1410 2656 varum
1437 2628 1469 2656 et

1162 2693 1167 2711 Ι
1186 2680 1197 2693 0
