1712 2825
86 197 112 215 a.
134 189 188 218 Ch.
209 188 271 216 185.
528 178 657 211 LJBER
681 178 847 211 xxxlx.
897 178 992 211 CAP.
1011 179 1065 211 25.
1447 181 1500 219 55

86 295 150 322 me
169 281 322 323 habere.
362 280 401 319 id
423 292 494 332 ego
514 280 630 332 longe
651 281 760 320 aliter
779 280 907 320 iudico
929 293 1028 320 esse.
1069 280 1264 320 Eumenes
1286 280 1388 320 enim
1405 292 1500 327 non,

85 338 162 379 nisi
177 339 360 378 vicissent
374 337 555 383 Romani,
573 338 655 385 sed,
672 337 748 376 nisi
762 337 904 377 bellum
921 337 1147 388 gessissent,
1160 349 1317 377 manere
1327 337 1368 377 in
1380 349 1501 389 regno

85 408 158 436 suo
179 406 260 434 non
280 393 419 445 potuit.
453 394 581 446 itaque
596 394 656 433 ille
671 399 845 433 vestrum
862 394 1044 433 meritum
1060 394 1188 440 habet,
1206 406 1285 433 non
1302 407 1372 433 vos
1389 394 1501 434 illius.

83 451 158 492 mei
179 455 308 490 autem
328 450 436 502 regni
455 455 606 490 tantum
628 451 760 490 aberat
787 456 830 490 ut
849 450 924 490 ulla
945 462 1037 502 pars
1059 450 1099 489 in
1121 450 1345 490 discrimine
1371 451 1500 496 fuerit,

82 511 127 548 ut
140 507 212 547 tria
228 506 332 547 milia
347 507 534 547 talentum
553 512 590 546 et
607 507 880 559 quinquaginta
896 512 1017 547 tectas
1035 519 1151 547 naves
1168 512 1206 546 et
1223 519 1360 546 omnes
1379 507 1499 546 Grae-

84 564 163 604 ciae
184 563 367 610 civitates,
391 576 487 615 quas
509 569 618 603 antea
633 565 863 611 tenuissem,
881 564 1127 615 pollicentem
1145 563 1245 603 ultro
1263 563 1499 603 Antiochum

81 620 123 660 in
150 621 371 660 mercedem
399 621 593 660 societatis
622 620 696 660 sim
725 626 974 672 aspernatus,
1001 621 1234 672 hostemque
1261 621 1295 659 ei
1322 632 1385 659 me
1414 632 1501 659 esse

81 677 192 730 prius
221 677 354 724 etiam,
387 689 500 729 quam
526 677 586 717 Μ’.
608 677 752 717 Acilius
780 677 988 717 exercitum
1018 677 1058 716 in
1086 676 1286 716 Graeciam
1313 676 1503 722 traiceret,

80 734 246 786 praetuli
267 739 305 773 et
325 747 414 774 cum
435 747 480 773 eo
502 734 664 774 consule
684 734 770 773 belli
791 740 954 786 partem,
978 746 1263 786 quamcumque
1283 733 1379 772 mihi
1396 733 1500 772 dele-

1537 642 1544 660 l

81 791 194 842 gavit,
212 790 326 842 gessi.
358 795 396 830 et
410 790 631 842 insequenti
648 791 809 839 consuli,
822 791 864 829 L.
878 791 1064 842 Scipioni,
1080 803 1168 830 cum
1183 796 1287 830 terra
1300 789 1502 829 statuisset
1530 800 1550 832 S

81 847 223 888 ducere
243 847 453 887 exercitum
475 847 521 886 ad
542 847 857 899 Hellespontum,
878 860 960 887 non
979 848 1052 887 iter
1071 853 1224 887 tantum
1246 859 1316 900 per
1335 858 1500 898 regnum

81 908 266 943 nostrum
293 904 400 952 dedi,
427 905 497 944 sed
525 904 604 943 vias
634 904 748 944 etiam
770 905 939 952 munivi,
966 909 1107 956 pontes
1135 904 1226 952 feci,
1255 908 1498 943 commeatus

81 960 263 1013 praebui,
284 972 356 1000 nec
376 973 448 1013 per
467 961 731 1000 Macedoniam
752 966 918 1008 tantum,
942 961 1008 1000 sed
1031 973 1102 1013 per
1122 960 1350 1000 Thraeciam
1373 960 1500 1007 etiam,

79 1016 148 1058 ubi
168 1017 270 1057 inter
291 1022 414 1058 cetera
435 1030 509 1070 pax
531 1030 685 1070 quoque
706 1018 938 1070 praestanda
958 1031 978 1057 a
998 1017 1174 1057 barbaris
1196 1022 1288 1057 erat.
1329 1030 1402 1069 pro
1424 1017 1501 1056 hoc

81 1073 210 1114 studio
228 1087 315 1113 meo
332 1087 421 1125 erga
437 1087 521 1122 VOS,
537 1086 587 1114 ne
603 1075 728 1114 dicam
743 1075 897 1123 merito,
911 1080 1043 1115 utrum
1059 1075 1209 1114 adicere
1219 1086 1304 1119 vos,
1318 1073 1498 1119 Romani,

82 1130 225 1181 aliquid
245 1135 283 1169 et
303 1131 538 1182 amplificare
554 1136 591 1170 et
606 1143 746 1182 augere
761 1144 926 1182 regnum
943 1143 1075 1170 meum
1090 1130 1356 1171 munificentia
1371 1135 1500 1169 vestra

83 1186 300 1238 oportebat,
321 1199 369 1226 an
392 1199 488 1238 quae
509 1187 691 1226 haberem
708 1193 774 1226 aut
789 1200 874 1226 meo
892 1188 975 1227 iure
991 1193 1055 1227 aut
1071 1187 1257 1226 beneficio
1273 1192 1404 1226 vestro
1422 1186 1498 1226 eri-

80 1254 185 1294 pere,
207 1243 244 1281 id
267 1243 371 1294 quod
388 1255 494 1282 nunc
512 1242 668 1283 facitis?
697 1244 951 1283 Macedonum
974 1244 1156 1292 civitates,
1173 1256 1270 1295 quas
1291 1243 1400 1294 regni
1421 1243 1498 1282 mei

79 1298 203 1338 fuisse
222 1298 411 1349 fatemini,
432 1311 514 1338 non
533 1301 802 1340 restituuntur.
843 1301 1052 1347 Eumenes,
1075 1308 1274 1351 tamquam
1296 1300 1343 1339 ad
1359 1300 1498 1339 Antio-

81 1432 118 1466 3:
144 1435 270 1467 verius.
295 1452 340 1458 —
361 1446 447 1476 non,
475 1436 547 1467 nisi
566 1435 639 1466 sind
663 1435 753 1466 nicht

80 1489 269 1512 zusammen
287 1490 328 1511 zu
345 1481 498 1520 nehmen,
524 1481 667 1512 sondern
684 1490 752 1512 non

823 1439 976 1468 mentum
992 1436 1156 1475 scribere3
1175 1436 1210 1466 in
1227 1437 1417 1479 praemium
1432 1436 1499 1467 und

821 1483 975 1525 praemio
994 1481 1093 1520 dar-33
1109 1485 1215 1512 etwas
1232 1481 1355 1513 anders
1369 1481 1497 1513 Seneca

85 1535 127 1556 zu
155 1527 282 1568 potuit,
301 1526 364 1557 wie
388 1525 449 1558 sed
474 1536 540 1558 uon
567 1527 682 1570 potuit
709 1526 751 1557 im

80 1568 193 1611 Folg.:
223 1581 289 1603 non
318 1573 430 1615 potuit
456 1581 612 1612 manere,
635 1573 704 1603 nisi
729 1590 751 1594 -

79 1615 218 1649 sednon
230 1618 299 1659 pot.
315 1627 463 1657 manere,
482 1618 636 1654 nisiem„
656 1626 681 1648 s.
697 1616 749 1658 38,

81 1659 136 1700 22,
154 1660 191 1700 9,
211 1659 264 1699 23,
284 1661 316 1701 5,
334 1661 372 1700 7,
392 1661 446 1701 21,
464 1661 518 1702 41,
539 1660 590 1702 16,
608 1662 668 1693 der
682 1660 749 1693 Ge-

81 1705 189 1736 dnnke
204 1705 613 1747 istzusammengezogen:
628 1707 751 1738 Eume-

81 1759 142 1781 nes
173 1749 312 1789 kouute,
347 1751 396 1782 ich
429 1751 497 1781 will
531 1752 620 1783 nicht
648 1762 749 1792 sagen

81 1804 177 1826 wenn
202 1812 245 1818 —
262 1795 410 1836 gesiegt,
435 1796 578 1827 sondern
599 1797 699 1828 sclnon
718 1797 749 1828 in

80 1839 153 1871 dem
182 1839 296 1880 Faue,
327 1841 404 1872 dass
434 1859 478 1863 —
506 1841 594 1873 nicht
617 1839 752 1882 gestihrt

79 1884 211 1924 hatten,
235 1885 304 1917 sich
321 1903 365 1908 —
382 1886 472 1917 nicht
495 1885 690 1929 heliaupten.
706 1905 752 1910 —

81 1932 213 1962 tantum
231 1931 351 1963 aberat
366 1933 404 1963 ut
420 1932 584 1974 -suem't,
610 1932 669 1971 40,
699 1931 750 1972 19,

81 1974 117 2007 6:
159 1978 254 2008 tanta
292 1979 382 2014 erat,
412 1979 451 2008 ut
480 1995 502 1999 —
534 1979 749 2009 renuntiat-e—

79 2022 166 2059 rint3
191 2021 251 2061 45,
269 2020 329 2062 43,
348 2021 385 2061 8,
411 2021 465 2062 44,
484 2021 598 2063 6,16,
627 2023 692 2063 vgl.
720 2023 749 2064 7,

80 2065 120 2107 4,
144 2066 182 2105 4,
207 2066 273 2098 Cic.
291 2065 389 2099 Verr.
408 2066 498 2106 2,1,
517 2066 570 2108 30,
589 2068 630 2099 75
649 2079 679 2099 u.
698 2078 746 2107 a.;

79 2113 210 2144 tantum
224 2112 319 2144 abest
330 2115 370 2144 ut
381 2131 401 2135 -
416 2114 455 2144 ut
468 2114 497 2154 6,
515 2113 565 2152 15,
580 2114 618 2152 53
636 2114 677 2145 ib.
693 2114 747 2154 31,

80 2156 120 2188 4:
146 2159 185 2189 ut
204 2176 225 2179 —
243 2160 282 2189 ut
305 2160 441 2196 contr-113
467 2159 613 2199 dagegen
638 2161 680 2191 ab
709 2169 747 2191 eo

78 2203 118 2234 ut
136 2220 158 2225 —
177 2205 217 2234 ut
234 2202 294 2243 25,
313 2203 345 2243 6,
367 2203 423 2241 11,
443 2204 502 2235 mit
516 2202 696 2236 einsachem
711 2207 750 2237 ut

80 2246 112 2285 4,
131 2247 181 2288 58,
202 2246 239 2286 23
259 2248 288 2288 6,
309 2247 360 2288 32,
378 2248 416 2287 43
436 2248 486 2289 26,
506 2248 560 2289 31,
579 2249 609 2281 5.
624 2252 748 2282 —tria

78 2302 124 2323 m.
144 2296 218 2332 etc„
236 2293 327 2324 diese
341 2292 620 2334 Verbandlungen
639 2295 695 2327 hat
708 2295 746 2327 L.

79 2335 134 2375 35,
152 2337 213 2376 47,
233 2336 286 2378 36,
305 2338 321 2368 7
338 2337 427 2369 nicht
440 2339 599 2381 erwiihnt,
614 2340 680 2381 vgl.
695 2340 748 2382 36,

79 2381 111 2423 8,
129 2383 160 2414 4.
180 2401 217 2406 —
240 2384 272 2415 iu
290 2383 452 2425 merce-d„
474 2394 510 2415 so
528 2385 605 2417 dass
623 2386 671 2417 sie
690 2387 750 2418 der

78 2426 170 2459 Lohn
181 2428 303 2471 wiiren,
317 2428 446 2469 vgl.42,
462 2428 514 2470 39,
530 2430 564 2461 7:
579 2431 748 2474 impigrius

70 2472 159 2515 fidei
171 2473 303 2506 obsides
318 2474 518 2513 desider-am
537 2474 653 2508 lustin.
668 2477 698 2516 7,
718 2477 747 2517 3,

80 2517 118 2557 2;
137 2518 192 2559 22,
206 2518 237 2560 3,
251 2519 289 2557 4,
310 2519 352 2551 ib.
372 2519 491 2559 11,12,
506 2520 749 2564 2zi11p1·ctium

79 2573 225 2606 regnum
250 2564 359 2603 dodim
386 2565 439 2605 38,
459 2566 495 2606 5,
515 2565 550 2597 3:
577 2567 610 2598 ιἰι
634 2567 748 2599 dotem

78 2606 177 2648 daro3
195 2611 229 2641 in
246 2610 517 2654 supplementum
535 2613 598 2644 und
612 2613 747 2657 supple-

823 1524 937 1559 Benef.
956 1527 986 1567 4,
1007 1526 1035 1566 1,
1053 1525 1088 1557 2;
1108 1526 1249 1558 honesta
1262 1528 1295 1558 in
1309 1526 1498 1558 mercedem

822 1572 952 1611 colunt3
979 1571 1015 1604 L.
1032 1571 1086 1612 21,
1104 1571 1158 1610 43,
1178 1571 1215 1610 73
1234 1571 1299 1612 vgl.
1317 1571 1370 1611 32,
1389 1571 1442 1612 33,
1458 1571 1496 1610 3;

823 1618 958 1658 Madvig
979 1617 1050 1649 will
1072 1619 1105 1649 in
1130 1616 1243 1657 tilgen.
1269 1635 1314 1640 —-
1329 1619 1444 1660 prius,
1470 1627 1496 1649 s.

823 1662 883 1705 36,
907 1663 942 1703 8,
961 1661 992 1694 6.
1011 1680 1056 1685 —
1070 1662 1235 1705 praetuli,
1254 1672 1280 1694 s.
1301 1662 1360 1704 42,
1381 1663 1439 1703 14,
1458 1662 1496 1701 5,

823 1707 877 1749 37,
898 1707 951 1748 37,
970 1707 1008 1746 3,
1028 1707 1058 1748 3,
1079 1707 1130 1748 12,
1149 1707 1180 1739 9.
1196 1725 1241 1730 —
1259 1710 1369 1748 terra,
1395 1718 1422 1739 s.
1441 1707 1496 1748 24,

823 1752 958 1794 40,17,
984 1751 1037 1791 36,
1056 1753 1110 1789 41,
1130 1751 1168 1791 3,
1192 1752 1245 1793 37,
1265 1752 1296 1794 9,
1315 1752 1335 1784 6
1353 1764 1384 1784 u.
1403 1763 1432 1784 a.
1451 1770 1497 1776 —-

822 1801 978 1830 nostr-mn
991 1799 1174 1838 —711u712'2'i,
1198 1798 1266 1838 vgl.
1286 1798 1344 1839 40,
1364 1798 1394 1836 0,
1415 1797 1495 1836 2ff.;

824 1842 890 1874 Cic.
906 1842 978 1883 Lig.
995 1843 1025 1879 7,
1045 1843 1105 1874 20:
1125 1843 1281 1874 omittam
1295 1862 1316 1866 -
1330 1846 1495 1883 nostram,

823 1889 945 1920 anders
964 1887 1000 1928 S,
1020 1888 1055 1929 7,
1077 1887 1134 1925 16,
1160 1887 1215 1928 22,
1234 1888 1286 1926 50,
1307 1889 1337 1920 7.
1354 1906 1398 1911 —
1416 1891 1496 1928 vias,

825 1944 851 1965 s.
869 1933 923 1974 37,
943 1933 973 1973 7,
996 1933 1046 1964 15.
1064 1951 1108 1955 —
1125 1935 1213 1965 iulet·
1230 1936 1303 1973 cet„
1321 1933 1374 1971 36,
1393 1932 1445 1975 38,
1463 1933 1495 1965 4.

822 1996 866 2001 -
897 1980 1025 2022 praest.
1064 1989 1084 2010 α
1119 1979 1212 2010 barb.
1247 1990 1278 2011 n.
1310 1979 1405 2018 milei,
1444 1979 1494 2011 ein

823 2023 1142 2056 liissverstiindniss
1166 2033 1237 2056 war
1260 2025 1348 2056 nicht
1373 2035 1412 2055 zu
1438 2024 1494 2056 be-

822 2080 959 2110 sorgen‚
985 2079 1011 2100 s.
1031 2070 1062 2109 9,
1082 2068 1133 2110 20,
1152 2069 1183 2110 7,
1202 2070 1268 2110 vgl.
1286 2070 1340 2111 40,
1359 2070 1412 2108 34,
1434 2070 1492 2109 14,

818 2126 907 2159 paoe:
927 2125 968 2145 zu
983 2114 1163 2154 bewirken,
1179 2115 1255 2147 dass
1270 2115 1318 2147 sie
1333 2115 1422 2146 nicht
1436 2125 1493 2147 an-

822 2159 982 2201 gegriss'cn
1002 2160 1151 2192 wurden.

870 2205 1000 2237 10-14.
1027 2217 1068 2237 ne
1086 2205 1161 2245 dic„
1180 2216 1232 2237 um
1251 2206 1341 2238 nicht
1359 2206 1410 2237 ein
1430 2217 1494 2237 un-

821 2251 1019 2294 1›assendeS‚
1050 2261 1089 2282 zu
1114 2251 1181 2282 viel
1204 2252 1366 2291 sagendes
1392 2251 1493 2283 U'ort

820 2307 862 2328 zu
879 2297 1065 2335 brauchem
1084 2296 1155 2328 hier
1172 2297 1259 2328 nicht
1274 2298 1357 2328 ohne
1374 2296 1492 2327 lronie.

820 2343 1048 2384 —salmn1'11i,
1065 2352 1100 2373 es
1115 2343 1158 2373 ist
1172 2341 1226 2383 33,
1244 2341 1298 2382 34,
1316 2343 1346 2381 6,
1368 2341 1433 2380 igi.
1450 2351 1490 2372 zu

821 2398 850 2419 c.
875 2387 935 2427 23,
959 2387 996 2427 6,
1021 2387 1189 2419 bestimmt
1211 2387 1491 2428 ausgesprnchen.

820 2450 864 2455 —
881 2432 1049 2464 Eumenes
1064 2433 1163 2464 durch
1179 2433 1269 2464 scine
1286 2431 1490 2463 Gcsandten.

817 2480 1050 2520 —tamquam
1070 2479 1094 2500 —'
1108 2478 1191 2520 spol.
1215 2488 1268 2508 mc
1292 2479 1379 2508 reni!
1408 2476 1490 2507 wird

818 2533 882 2554 von
899 2523 1031 2563 Madvig
1045 2523 1173 2554 erklfirt
1191 2523 1229 2553 nd
1244 2531 1305 2559 uie,
1327 2526 1490 2564 tamquam

818 2568 857 2599 ad
884 2570 981 2608 Ant.,
1007 2568 1211 2610 spoliandum
1236 2567 1342 2603 venit,
1372 2567 1410 2598 da
1439 2567 1490 2598 die

819 2613 1028 2656 Priiposition
1055 2614 1095 2644 iul
1121 2612 1274 2652 Griech.,
1304 2623 1331 2645 s.
1358 2610 1491 2653 liriigcr

1529 971 1549 1003 9

1531 1028 1572 1060 10

1530 1256 1567 1288 11
