1638 2825
100 208 127 227 a.
148 200 202 227 cn.
223 201 284 227 186.
517 187 646 222 Linea
670 187 838 220 xxxix.
887 187 981 221 CAP.
1001 187 1032 220 9.
1053 189 1106 221 10.
1461 188 1511 228 19

97 298 305 346 postquam
327 291 568 330 manumissa
588 296 679 340 erat,
700 291 837 330 eodem
859 303 901 330 se
922 302 1059 342 genere
1079 291 1271 330 tuebatur.
1307 290 1397 330 huic
1412 302 1508 329 con-
1540 296 1561 329 6

96 349 262 390 suetudo
283 348 389 387 iuxta
409 348 642 388 vicinitatem
668 360 756 387 cum
778 347 941 387 Aebutio
963 347 1047 394 fuit,
1071 348 1231 386 minime
1253 346 1509 387 adulescentis

93 405 149 446 rei
177 410 243 445 aut
268 405 394 444 famae
415 405 622 452 damnosa,
654 404 757 444 ultro
780 405 881 443 enim
905 409 1055 443 amatus
1078 404 1350 455 adpetitusque
1370 408 1453 443 erat
1472 408 1510 443 et

93 462 262 513 maligne
290 460 421 500 omnia
442 461 719 514 praebentibus
741 462 824 500 suis
846 461 1113 500 meretriculae
1134 460 1397 500 munificentia
1419 472 1508 500 sus-

93 519 298 559 tinebatur.
340 518 433 570 quin
454 531 500 557 eo
521 523 771 570 processerat
791 518 1075 558 consuetudine
1097 522 1226 569 capta,
1261 522 1303 556 ut
1323 522 1415 567 post
1434 529 1507 568 pa·
1538 523 1557 555 7

91 576 196 615 troni
222 579 408 622 mortem,
440 575 528 627 quia
554 575 595 615 in
624 575 766 614 nullius
788 587 909 614 manu
929 581 1027 622 erat,
1059 579 1191 614 tutore
1213 573 1260 613 ab
1281 573 1449 613 tribunis
1471 579 1509 612 et

90 637 271 684 praetore
300 632 440 684 petito,
469 645 556 672 cum
578 636 855 671 testamentum
876 633 1037 679 faceret,
1066 643 1190 671 unum
1211 630 1419 669 Aebutium
1440 630 1507 668 in-

90 690 267 729 stitueret
286 689 481 729 heredem.
530 689 632 729 Haec
658 689 804 728 amoris
826 690 990 741 pignora
1013 701 1101 728 cum
1123 693 1272 735 essent,
1303 699 1377 726 nec
1399 686 1507 738 quic-
1540 687 1592 726 10

93 759 209 798 quam
236 751 429 786 secretum
459 746 554 785 alter
579 746 625 786 ab
652 746 771 785 altero
793 746 1003 793 haberent,
1036 757 1107 797 per
1126 745 1257 784 iocum
1279 744 1507 783 adulescens

89 809 192 842 vetat
212 815 295 842 eam
316 803 463 851 mirari,
490 803 522 842 si
543 815 613 855 per
633 803 781 854 aliquot
796 808 930 842 noctes
952 803 1219 842 secubuisset:
1242 801 1441 852 religionis
1465 813 1507 839 se
1536 806 1557 838 2

89 872 221 906 causa,
243 865 286 900 ut
305 866 396 899 voto
419 872 490 911 pro
511 860 726 899 valetudine
748 872 817 899 sua
836 860 939 899 facto
962 860 1157 906 liberetur,
1179 858 1340 897 Bacchis
1364 857 1506 896 initiari

88 917 193 956 velle.
254 917 293 956 id
319 917 386 956 ubi
413 917 551 956 mulier
577 917 720 957 audivit
747 917 972 968 perturbata
1001 916 1083 964 „dii
1112 913 1329 954 meliora!“
1357 913 1504 965 inquit:

85 973 188 1013 mori
222 979 260 1013 et
295 973 368 1013 sibi
403 979 441 1013 et
475 974 527 1013 illi
563 974 683 1013 satius
720 986 819 1019 esse,
857 986 974 1026 quam
1004 974 1042 1012 id
1072 973 1225 1019 faceret,
1255 976 1292 1010 et
1319 971 1359 1010 in
1390 975 1507 1022 caput

89 1042 225 1070 eorum
257 1030 436 1070 detestari
469 1031 596 1071 minas
635 1031 899 1082 periculaque,
934 1030 998 1082 qui
1034 1030 1071 1069 id
1104 1029 1335 1069 suasissent.
1377 1027 1504 1067 admi·
1534 1032 1553 1064 3

89 1092 195 1126 ratus
233 1099 322 1127 cum
352 1088 470 1127 verba
502 1093 584 1127 tum
613 1087 948 1139 perturbationem
974 1092 1122 1126 tantam
1153 1086 1382 1125 adulescens
1410 1096 1505 1135 par-

90 1155 176 1182 cere
208 1144 542 1183 exsecrationibus
576 1145 701 1183 iubet:
736 1150 901 1183 matrem
929 1144 966 1182 id
999 1144 1072 1182 sibi
1093 1142 1334 1182 adsentiente
1372 1141 1505 1180 vitrico

89 1199 315 1250 imperasse.
367 1200 546 1247 „vitricus
577 1204 693 1252 ergo“
723 1200 846 1252 inquit
875 1206 992 1246 „tuus
1016 1224 1071 1228 ——
1091 1204 1255 1238 matrem
1280 1198 1382 1237 enim
1405 1197 1503 1236 insi·
1533 1204 1555 1236 4

86 1255 234 1294 mulare
260 1256 424 1295 forsitan
449 1257 506 1296 fas
535 1268 616 1295 non
645 1257 694 1296 sit
721 1280 777 1284 —
803 1257 1029 1308 pudicitiam
1041 1257 1205 1295 *famam
1228 1268 1340 1306 spem
1361 1254 1505 1293 vitam-

86 1411 189 1433 verm.
207 1403 323 1434 iuncta
339 1402 523 1433 vicinitate.
537 1419 582 1425 —
594 1412 758 1443 manum-.,

87 1456 114 1479 s.
140 1457 167 1478 c.
194 1446 244 1486 12,
269 1445 307 1486 63
335 1458 362 1479 c.
391 1447 442 1488 10,
467 1447 503 1478 5:
537 1446 687 1479 liberam.
712 1466 756 1470 -—

84 1492 257 1531 damnosa,
269 1491 376 1524 Plaut.
387 1492 468 1524 Cist.
486 1492 514 1532 1,
527 1492 554 1533 1,
565 1493 604 1524 51
617 1503 625 1523 ι
640 1492 756 1525 multis

85 1537 251 1570 damnosa
264 1541 340 1579 eris,
357 1538 419 1569 wie
435 1536 482 1579 th
496 1538 647 1570 erw'ahnt
661 1539 756 1579 wird,

86 1584 163 1615 dass
187 1583 238 1615 die
262 1584 458 1615 meretrices
481 1583 550 1615 ihre
571 1583 756 1616 Liebhaber

87 1628 322 1671 auspliindern,
335 1639 360 1661 s.
377 1628 600 1661 ib.Menaec'n.
615 1629 681 1670 1,3,
695 1629 731 1660 11
744 1640 752 1665 ;

85 1672 186 1705 Truc.
215 1673 241 1714 1,
265 1674 296 1713 2,
320 1674 339 1705 9
363 1685 394 1705 u.
414 1684 444 1706 a.
469 1693 511 1698 —
534 1674 625 1706 ultro
642 1693 663 1696 —
681 1678 757 1707 erat

85 1718 213 1749 scheint
236 1719 297 1749 den
317 1717 432 1750 Grund
450 1729 491 1750 zu
508 1729 574 1750 non
592 1719 755 1752 damnosa

74 1762 217 1804 famae,
243 1763 310 1803 vgl.
335 1763 418 1794 iiber
443 1764 494 1795 die
518 1764 755 1805 Beurtheilung

31 1811 33 1813 ’
84 1808 215 1839 solt-her
246 1807 481 1840 Verhiiltnisse
511 1808 562 1840 bei
592 1810 653 1840 den
687 1808 754 1841 Ris-

80 1861 172 1884 mern
197 1852 326 1884 Becker
350 1852 466 1885 Gallus
484 1854 515 1894 3,
535 1852 627 1896 59s.‚
651 1855 756 1894 dage-

81 1907 142 1938 gen
161 1898 309 1941 maligne
326 1904 390 1930 etc.
407 1898 598 1939 Gegensatz
613 1900 676 1931 und
692 1900 754 1931 Be-

80 1943 254 1985 griinduug
276 1954 340 1976 von
363 1954 429 1976 non
454 1944 620 1977 damnosa
642 1947 695 1977 rei
710 1955 751 1976 zu

80 1989 260 2022 euthalten.
280 2007 322 2012 —
339 1992 493 2033 patroni,
518 1991 578 2022 der
594 1991 646 2022 die
665 1990 752 2022 Vor-

79 2034 287 2067 mundschal't
316 2035 399 2066 iiber
427 2036 476 2067 sie
500 2035 621 2076 gehabt
647 2036 750 2068 hatte.

77 2096 122 2102 —
138 2081 172 2111 in
190 2091 224 2113 n.
240 2092 285 2113 m.
304 2083 389 2120 erat,
407 2081 456 2112 sie
475 2092 545 2112 war
563 2081 652 2113 nicht
669 2092 749 2113 ver-

78 2124 245 2158 heirathet
281 2126 346 2158 und
386 2126 476 2158 hatte
509 2127 626 2158 keinen
660 2126 748 2159 Ver-

78 2171 250 2211 wnndten,
279 2172 339 2203 der
363 2171 530 2204 Vormund
556 2173 647 2204 hiitte
677 2173 747 2204 sein

77 2214 218 2255 kb'nnen,
234 2227 261 2248 s.
276 2216 318 2248 34
329 2217 376 2257 ,2‚
392 2217 496 2248 11.—
507 2220 740 2261 tutore—pet„

77 2262 156 2292 nach
175 2261 235 2292 der
249 2262 303 2293 lex
322 2261 434 2301 Atilia,
452 2273 477 2294 s.
495 2262 597 2295 Gaius
618 2264 646 2304 1,
670 2263 747 2295 185:

75 2308 108 2338 .ςί
122 2306 301 2339 cuinullus
315 2310 448 2340 omnino
465 2310 558 2340 tutor
572 2311 627 2349 sit,
642 2310 674 2341 ei
685 2309 747 2341 da-

77 2353 134 2384 tm·
155 2354 187 2383 iu
214 2353 297 2384 urbe
315 2352 421 2385 Roma
443 2364 488 2386 ea:
507 2354 582 2396 lege
600 2354 710 2386 Atilia
725 2365 746 2387 a

74 2400 236 2440 praetore
263 2399 393 2431 urbano
423 2401 456 2430 et
484 2402 613 2432 maiore
646 2403 746 2444 parte

76 2443 290 2475 tribunorum
327 2443 418 2483 lehis,
434 2445 672 2487 quiAtiliarms
687 2448 742 2477 tu-

75 2489 128 2520 tor
146 2491 285 2521 vocatur
313 2489 382 2521 {ein
398 2489 481 2528 5173
502 2490 584 2529 5203
604 2490 742 2522 Monun-

74 2541 131 2564 sen
165 2533 199 2574 1,
231 2533 306 2566 870.
341 2553 385 2558 —
415 2537 546 2567 testam.
564 2538 662 2577 saa,
692 2537 740 2568 sic

72 2576 194 2610 konnte
208 2578 290 2611 iiber
303 2580 354 2611 ihr
367 2579 553 2622 Vermb'gen
569 2580 740 2621 vcrffigcn,

72 2622 152 2655 aber
184 2624 253 2657 ihre
286 2626 488 2667 Anorduuug
521 2627 634 2659 wurde
669 2632 740 2659 erst

830 1402 1052 1443 rechtsgiiltig
1066 1402 1167 1433 durch
1183 1401 1235 1432 die
1250 1411 1313 1432 von
1328 1401 1399 1433 dem
1415 1400 1504 1432 Vor-

829 1449 947 1480 munde
971 1448 1141 1488 gegebene
1161 1445 1415 1487 Bekr'aftigung‚
1439 1457 1504 1479 αιι-

829 1496 988 1535 ctoritas,
1010 1493 1064 1534 34,
1083 1492 1114 1533 2,
1137 1492 1192 1523 ll:
1217 1493 1292 1524 sine
1310 1495 1423 1524 tutore
1440 1503 1505 1524 au-

829 1542 931 1572 πονε.

877 1580 943 1617 10.
978 1584 1064 1616 1-2.
1096 1593 1204 1616 amor.
1221 1584 1335 1626 pt'gu„
1359 1583 1419 1614 das
1439 1582 1505 1615 Te-

828 1635 972 1662 stament
1004 1630 1066 1661 und
1090 1630 1147 1660 das
1173 1630 1296 1660 vorher
1320 1628 1503 1660 Erwiihnte

827 1676 932 1716 gaben
957 1676 1029 1707 dem
1048 1674 1282 1707 Verbiiltnisse
1307 1674 1358 1705 ein
1379 1673 1502 1706 Unter-

827 1720 924 1763 pfand
945 1721 1018 1761 (der
1038 1721 1177 1760 Dauer),
1198 1719 1320 1751 anders
1338 1720 1388 1750 als
1407 1724 1503 1751 sonst

827 1766 878 1797 bei
894 1766 1028 1797 solchen
1046 1763 1289 1796 Liebscliaften.
1308 1782 1353 1787 —
1370 1765 1457 1797 alter
1469 1775 1499 1797 a.

826 1810 903 1853 alt„
928 1811 985 1842 das
1008 1811 1145 1841 mascul.
1170 1810 1214 1840 ist
1239 1810 1296 1840 das
1318 1820 1422 1849 genus
1441 1820 1500 1852 po—

827 1857 904 1888 tius.
923 1875 965 1879 —
981 1866 1043 1899 pet·
1060 1856 1141 1895 iou,
1165 1865 1201 1885 cr
1225 1855 1324 1885 weiss
1343 1855 1415 1886 also
1435 1865 1498 1886 von

826 1902 886 1933 der
903 1912 1029 1941 ganzen
1049 1900 1153 1932 sache
1173 1901 1253 1931 noch
1273 1900 1398 1938 nichts.
1420 1911 1448 1932 c.
1468 1900 1499 1941 9,

828 1947 856 1978 1.
871 1965 916 1970 —
928 1946 1145 1984 liberaretur,
1160 1945 1262 1977 durch
1279 1946 1336 1976 das
1348 1944 1498 1977 Geliibde

824 1992 884 2023 der
908 1991 1034 2024 Muttei·
1062 1992 1106 2023 ist
1130 1991 1210 2022 auch
1235 2001 1290 2030 er,
1319 1991 1370 2022 als
1400 1996 1499 2023 unter-

824 2037 928 2069 ihrem
954 2038 1098 2069 Schutze
1124 2036 1282 2076 stenend,
1311 2036 1497 2077 gebunden.

823 2101 861 2106 —
880 2083 936 2115 Dii
950 2083 1043 2124 meh,
1068 2084 1105 2122 9,
1127 2082 1162 2119 9,
1183 2081 1211 2113 ϋ.
1233 2100 1276 2104 -
1293 2092 1394 2124 quam
1413 2084 1496 2124 i.s.‚

823 2128 884 2169 25,
908 2128 968 2168 22,
997 2129 1047 2160 10.
1074 2146 1119 2150 —
1141 2130 1174 2159 in
1199 2137 1271 2169 cap.
1288 2127 1496 2166 —detcstari,

821 2174 1098 2211 verwiinschend,
1113 2173 1214 2204 durch
1226 2172 1497 2205 Verwiinschun-

820 2230 882 2260 gen
911 2220 961 2259 (ab
993 2219 1056 2251 und
1087 2217 1146 2250 auf
1166 2219 1224 2249 das
1250 2217 1359 2260 Haupt
1383 2219 1495 2258 derer)

820 2283 863 2288 —
882 2266 1039 2302 wenden3
1059 2265 1118 2295 der
1136 2264 1311 2295 Ausdruck
1331 2264 1375 2295 ist
1392 2273 1498 2303 unge—

821 2311 1003 2349 wiihnlich‚
1029 2311 1069 2341 da
1095 2320 1131 2341 es
1159 2314 1253 2340 sonst
1277 2310 1381 2340 heis-st
1404 2308 1496 2340 deto-

820 2358 908 2388 stari'
925 2356 1080 2398 aliquem,
1099 2355 1179 2386 aber
1196 2355 1276 2386 nach
1295 2355 1354 2385 der
1372 2353 1496 2384 Analo-

818 2402 870 2441 gie
886 2413 948 2433 von
965 2402 1143 2433 e.1·sec·1·ai·i
1154 2403 1185 2432 1'11
1201 2403 1301 2443 capu!
1316 2410 1342 2430 c.
1359 2399 1413 2437 51,
1435 2398 1493 2437 12;

818 2446 871 2485 26,
891 2447 942 2483 25,
967 2447 1023 2483 123
1044 2447 1312 2477 arsat-raliouem
1332 2445 1365 2475 ίη
1383 2455 1496 2488 popu-

817 2492 916 2529 laris-3
942 2493 966 2528 l,
988 2493 1039 2532 51,
1063 2492 1092 2523 l:
1111 2494 1286 2533 inerepare
1300 2492 1331 2520 ιή
1350 2490 1495 2532 aliquem

816 2549 847 2568 u.
867 2538 896 2569 ii.
915 2538 1071 2577 gemmei,
1092 2537 1194 2567 ‹lain-1·
1214 2536 1253 2566 ἰιιι
1276 2535 1369 2574 Foig.
1395 2536 1494 2567 ea‘se-

814 2584 1034 2615 erationibus:
1057 2582 1121 2619 vgl.
1143 2582 1190 2622 10,
1209 2580 1260 2622 38,
1284 2580 1352 2613 101'.
1371 2598 1416 2604 —
1432 2582 1495 2612 mi-

812 2639 874 2660 nas
891 2640 972 2672 peta,
990 2629 1018 2666 2,
1038 2627 1090 2666 30,
1109 2625 1139 2658 0.

1176 2683 1194 2714 2
1209 2682 1223 2699 t
