1712 2825
84 209 111 228 8.
133 201 186 228 Ch.
208 201 268 226 182.

545 189 673 222 LIBER
697 188 848 221 XXXX.
891 188 985 221 CAP.
1005 189 1035 221 9.

1419 190 1497 229 125

86 294 339 334 comisatores
367 292 578 344 accipiendi
606 291 947 343 praebendumque
966 290 1070 330 ferro
1092 291 1283 342 iugulum,
1313 291 1500 343 quoniam

85 362 168 390 non
197 350 366 390 creditur
385 349 462 389 nisi
481 353 747 401 perpetratum
767 347 939 395 facinus,
967 353 1005 386 et
1026 347 1159 386 eadem
1180 349 1322 398 petitus
1344 348 1496 387 insidiis

85 407 219 455 audin,
252 418 348 458 quae
379 406 476 445 latro
504 411 618 457 atque
645 405 860 444 insidiator.
907 416 990 444 non
1020 404 1256 455 nequiquam
1283 405 1346 443 isti
1373 416 1496 444 unum
1526 410 1545 442 2

83 463 320 503 Demetrium
340 462 462 503 filium
482 468 520 502 te
540 462 692 509 habere,
712 475 775 501 me
796 461 994 501 subditum
1017 466 1055 500 et
1073 460 1218 513 paelice
1238 461 1411 511 genitum
1428 462 1496 500 ad-

83 519 237 572 pellant.
277 532 367 559 nam
390 520 423 559 si
443 519 623 571 gradum,
657 519 688 558 si
711 518 907 558 caritatem
929 518 995 557 filii
1016 517 1118 569 apud
1139 524 1176 556 te
1196 517 1396 565 haberem,
1417 530 1498 557 non
1528 522 1547 555 3

82 576 123 616 in
145 589 208 615 me
229 581 454 628 querentem
477 576 739 628 deprehensas
760 575 934 622 insidias,
957 574 1025 614 sed
1047 575 1087 613 in
1109 586 1216 622 eum,
1246 574 1310 625 qui
1331 574 1498 620 fecisset,

83 633 268 680 saevires,
297 645 370 673 nec
396 633 492 672 adeo
522 633 603 672 vilis
632 632 699 672 tibi
726 633 800 672 vita
827 637 933 671 esset
952 637 1104 677 nostra,
1135 636 1178 670 ut
1197 643 1269 670 nec
1288 631 1497 682 praeterito
1527 637 1548 669 4

83 689 256 742 periculo
279 702 366 729 meo
389 691 601 729 movereris
624 701 750 741 neque
769 689 916 735 futuro,
939 688 971 728 si
989 687 1260 727 insidiantibus
1278 690 1325 727 sit
1339 687 1497 740 inpune.

79 747 210 798 itaque
239 747 272 786 si
298 747 400 786 mori
427 747 587 787 tacitum
610 751 783 798 oportet,
812 751 1029 793 taceamus,
1057 745 1198 796 precati
1219 750 1372 784 tantum
1395 745 1500 792 deos,
1529 749 1547 780 5

82 809 127 843 ut
147 816 167 843 a
188 816 251 842 me
273 809 452 856 coeptum
474 804 599 843 scelus
621 803 661 842 in
683 816 745 842 me
764 803 881 842 finem
904 802 1051 849 habeat,
1073 814 1146 841 nec
1168 814 1237 853 per
1251 814 1382 841 meum
1399 801 1498 840 latus

82 866 125 900 tu
152 861 314 912 petaris3
344 861 405 900 sin
432 866 581 907 autem,
609 860 713 912 quod
748 859 1022 899 circumventis
1050 859 1089 898 in
1121 858 1331 898 solitudine
1363 864 1500 898 natura
1525 860 1545 892 6

82 918 167 969 ipsa
189 917 346 964 subicit,
371 922 413 956 ut
432 917 649 963 hominum,
673 930 772 969 quos
795 929 1010 968 numquam
1032 915 1208 960 viderint,
1231 915 1348 954 fidem
1369 920 1500 954 tamen

82 973 295 1025 inplorent,
323 973 417 1013 mihi
444 987 599 1026 quoque
624 974 773 1013 ferrum
800 974 838 1012 in
867 986 929 1012 me
957 972 1136 1012 strictum
1164 972 1336 1011 cernenti
1365 984 1498 1011 vocem

83 1031 236 1070 mittere
254 1030 376 1078 liceat,
393 1043 463 1082 per
482 1037 519 1070 te
535 1032 781 1083 patriumque
802 1042 959 1078 nomen,
981 1030 1084 1081 quod
1108 1029 1184 1068 utri
1204 1034 1387 1068 nostrum
1405 1041 1496 1068 san·
1527 1034 1545 1065 7

85 1087 184 1127 ctius
205 1087 274 1134 sit,
303 1087 380 1127 iam
401 1088 551 1139 pridem
573 1090 714 1135 sentis,
741 1088 791 1126 ita
812 1100 875 1126 me
896 1087 1046 1133 audias,
1069 1098 1225 1138 precor,
1246 1091 1445 1136 tamquam
1468 1086 1499 1124 si

86 1222 222 1263 beginnt
249 1222 309 1254 mit
339 1222 432 1253 einer
457 1221 680 1262 Entgegnung
702 1220 761 1253 auf

85 1268 137 1300 die
152 1267 234 1299 eben
248 1268 558 1309 ausgesprochenen
570 1265 757 1308 Vorwiirfe,

85 1314 249 1345 nimirum
278 1312 395 1344 deutet
424 1322 476 1351 an,
506 1313 582 1343 dass
608 1313 668 1343 der
692 1312 756 1344 Re-

84 1358 191 1390 dende
209 1358 271 1390 den
289 1355 452 1389 Vorwurf
464 1357 517 1389 fu'r
536 1357 682 1389 offenbar
699 1368 759 1389 un-

84 1404 232 1444 gerccht,
258 1403 359 1435 leicht
376 1413 418 1434 zu
439 1403 642 1443 widerlegen
669 1403 754 1434 halt:

85 1458 182 1480 wenn
201 1449 243 1480 du
261 1458 297 1480 so
322 1448 460 1489 denkst‚
483 1449 575 1480 ha'tte
600 1449 650 1480 ich
675 1447 757 1480 frei-

85 1494 161 1535 lich,
194 1494 259 1525 wol
286 1503 347 1535 gar
376 1504 406 1525 u.
437 1504 465 1525 s.
495 1504 549 1533 w.,
583 1494 666 1525 denn
696 1494 753 1525 das

86 1539 201 1571 wiirde
219 1549 278 1571 aus
297 1539 413 1571 deineu
430 1540 610 1571 Ansichten
629 1537 753 1580 folgen.

85 1603 130 1608 —
159 1583 279 1623 audio,
318 1585 419 1616 hiiren
458 1595 566 1623 muss3
603 1595 688 1627 quae
723 1595 755 1616 n.

86 1630 209 1662 audire
226 1630 313 1662 solet
328 1630 409 1661 oder
430 1630 542 1670 audit,
568 1639 636 1661 was
662 1634 757 1662 sonst

87 1685 150 1706 nur
172 1676 224 1707 ein
246 1684 342 1716 usw.‚
371 1675 567 1707 schwerlich
590 1675 755 1708 audirem.

87 1738 128 1743 —
160 1722 219 1752 isti
251 1720 322 1752 hier
360 1720 581 1759 verachtlich,
622 1721 659 1752 da
692 1720 757 1752 De—

86 1765 224 1796 metrius
243 1765 324 1796 noch
343 1766 432 1797 nicht
448 1766 628 1806 angeredet
647 1766 700 1797 ist.
713 1783 758 1788 —

87 1820 193 1842 unum
215 1809 320 1847 Dem„
355 1810 408 1851 39,
437 1811 489 1851 53,
514 1811 544 1849 2,
571 1821 612 1841 zu
636 1811 759 1843 habere

90 1856 135 1887 ist
171 1865 230 1887 aus
265 1855 435 1899 appellant
467 1867 507 1887 zu
538 1856 675 1887 nehinen
709 1855 758 1888 di-

86 1904 176 1940 cunt,
191 1901 256 1941 vgl.
266 1899 319 1942 33,
330 1900 381 1942 22,
392 1900 476 1933 8.—
488 1912 566 1933 ηαηι
582 1904 613 1933 si
625 1906 688 1933 etc.
703 1901 760 1933 be-

86 1946 229 1987 griindet
245 1956 311 1978 non
328 1948 622 1989 nequiquam‚-aus
639 1947 757 1978 deinen

87 1993 344 2033 Aeusseruugen
374 1993 452 2024 sebe
478 1993 544 2032 ich,
575 1993 651 2024 dass
674 1993 757 2024 auch

87 2038 129 2069 du
147 2038 237 2069 diese
251 2037 390 2069 Ansicht
407 2038 498 2075 bast,
518 2048 577 2069 aus
592 2038 663 2069 dem
677 2048 757 2070 nam

86 2101 108 2106 -
131 2085 254 2126 inpune
284 2084 367 2114 wird
392 2082 412 2125 ξ
437 2084 455 2114 5
489 2083 540 2115 die
566 2083 758 2124 Folgerung

86 2138 247 2169 gezogen,
271 2128 322 2160 die
341 2126 434 2170 auf§
455 2128 487 2161 l:
512 2130 674 2161 nimirum
693 2139 755 2160 zu-

87 2173 250 2214 riickgeht
271 2174 353 2205 aber
376 2174 524 2214 zugleich
549 2175 608 2205 deu
629 2173 754 2207 Ueber-

88 2228 174 2259 gang
210 2229 283 2250 zum
318 2218 529 2260 Gegensatze
563 2219 677 2251 bildet.
711 2237 756 2243 —-

85 2263 251 2305 gradum,
277 2263 398 2302 Stelle,
425 2263 637 2296 Ehronstufe.
660 2283 704 2288 —-
726 2266 758 2297 si

87 2308 201 2348 insz'd„
220 2319 246 2340 s.
264 2308 317 2347 39,
343 2309 395 2347 25,
421 2309 458 2347 53
483 2310 526 2341 ib.
547 2310 599 2349 42,
624 2310 661 2349 73
687 2310 753 2351 vgl.

91 2354 124 2395 1,
151 2354 209 2393 58,
236 2354 273 2393 73
298 2355 398 2385 durch
422 2355 483 2386 den
508 2354 687 2387 Gedankeu
714 2357 757 2388 ist

89 2400 149 2432 der
164 2399 322 2431 Wechsel
342 2399 400 2431 der
416 2399 579 2442 Tempora
604 2400 755 2441 bedingt:

89 2455 183 2476 wcnn
208 2445 329 2477 anders
353 2445 456 2485 (jetzt
479 2446 541 2476 und
567 2445 754 2486 sernerhin)

89 2491 160 2522 sein
179 2490 296 2528 sollte3
320 2491 402 2522 doch
420 2491 548 2522 scheint
570 2493 614 2523 sit
639 2492 668 2523 in
695 2492 756 2523 den

89 2535 164 2567 Hss.
195 2546 237 2568 zu
267 2534 388 2569 sehlen.
414 2554 457 2559 —-
481 2539 636 2577 tacitam,
673 2538 756 2569 ohne

89 2581 172 2613 mich
191 2592 230 2613 zu
250 2581 422 2622 beklagen,
450 2592 476 2613 s.
505 2581 531 2623 l,
556 2582 607 2622 47,
633 2582 671 2614 2:
697 2583 756 2614 der

90 2626 248 2667 Singulur
262 2627 325 2658 und
343 2627 455 2659 Plura!
471 2627 635 2660 wechseln
651 2628 760 2660 mehr·

831 1221 920 1254 sach:
944 1221 1045 1254 audio
1067 1240 1089 1243 —
1111 1232 1165 1252 me
1185 1240 1208 1244 —
1230 1221 1388 1253 habet-em
1403 1240 1426 1243 —
1441 1231 1501 1253 no·

831 1268 1310 1307 stra—tacitum-taceamus,
1329 1277 1355 1298 s.
1374 1266 1426 1306 39,
1445 1265 1498 1301 28.

832 1313 862 1344 S.
880 1322 1000 1344 —nec
1017 1322 1077 1355 per
1094 1327 1115 1338 =
1133 1315 1166 1343 et
1182 1323 1223 1343 ne
1238 1322 1311 1355 per,
1335 1322 1362 1343 c.
1381 1311 1434 1352 46,
1459 1312 1497 1349 43

831 1357 885 1397 39,
904 1357 957 1399 40,
976 1356 1010 1388 8:
1029 1360 1069 1389 ut
1083 1375 1105 1379 —
1121 1366 1200 1395 71e03
1226 1356 1279 1395 22,
1307 1356 1357 1396 10,
1383 1357 1402 1387 5
1419 1367 1451 1388 u.
1469 1366 1499 1388 a.

829 1420 873 1425 —
885 1413 948 1445 per
959 1413 1005 1435 m.
1019 1401 1089 1442 lat„
1103 1412 1131 1434 s.
1146 1401 1200 1442 23,
1215 1402 1246 1443 9,
1262 1402 1296 1434 S:
1313 1412 1376 1445 per·
1387 1412 1501 1434 meum

827 1451 948 1491 pectus
965 1447 1131 1491 petendus
1147 1447 1204 1479 ille
1220 1466 1241 1470 -
1258 1450 1327 1486 θείς
1345 1447 1499 1480 Cic.Vat.

830 1495 860 1532 5,
881 1493 937 1525 13:
955 1504 1030 1525 mea
1047 1492 1112 1525 tela
1126 1494 1221 1525 sicin
1236 1495 1269 1524 te
1281 1494 1500 1533 conicientur,

827 1542 866 1572 ut
892 1549 989 1571 nemo
1011 1549 1074 1582 per
1104 1541 1200 1571 tuum
1223 1538 1313 1570 latus
1329 1557 1352 1561 -
1368 1539 1501 1571 saucie-

831 1587 897 1617 tur.

875 1629 962 1661 6-7.
988 1632 1021 1661 in
1049 1629 1150 1669 solit„
1176 1630 1248 1660 hier
1271 1629 1323 1660 die
1342 1628 1442 1668 Lage,
1468 1629 1499 1660 in

829 1675 890 1706 der
907 1685 979 1706 man
995 1684 1059 1705 von
1075 1674 1251 1706 Freunden
1269 1674 1334 1705 und
1351 1673 1501 1705 Bekanu-

830 1724 885 1751 ten
916 1719 1034 1751 keinen
1065 1719 1188 1750 Schutz
1217 1719 1368 1751 erhalten
1403 1718 1501 1756 kann,

831 1765 933 1796 daher
949 1775 1032 1807 quos
1049 1775 1233 1807 numquam
1251 1769 1326 1806 etc.,
1346 1764 1412 1804 vgl.
1432 1764 1500 1796 Cic.

831 1810 903 1842 Mil.
929 1810 959 1848 4,
988 1810 1037 1841 10.
1056 1829 1096 1832 -
1117 1811 1256 1848 subicit,
1281 1810 1347 1850 vgl.
1372 1809 1424 1850 30,
1447 1809 1499 1851 32,

832 1855 869 1893 53
889 1855 943 1895 44,
962 1854 1017 1896 2⁴,
1039 1854 1051 1886 1
1073 1866 1105 1886 u.
1124 1865 1153 1886 a.
1172 1873 1216 1878 —-
1234 1858 1344 1887 tamen
1369 1854 1501 1886 bezieht

832 1901 900 1932 sich
935 1898 993 1931 auf
1022 1901 1074 1931 die
1108 1901 1138 1931 in
1170 1900 1242 1932 dem
1272 1899 1501 1932 Relativsatze

832 1956 913 1988 quos
936 1956 969 1977 η.
995 1945 1061 1977 vid.
1088 1946 1239 1986 liegende
1265 1945 1500 1987 ffinriiumuug,

832 2001 859 2023 s.
885 1990 938 2029 22,
958 1990 989 2031 2,
1015 1991 1051 2029 53
1079 1990 1130 2029 28,
1157 1990 1211 2030 42,
1237 1991 1271 2022 6:
1296 1993 1418 2031 cetera,
1442 2002 1502 2023 ne-

831 2047 894 2079 que
921 2047 960 2068 ea
983 2035 1086 2077 elevo,
1118 2036 1207 2069 nullo
1233 2040 1342 2069 tamen
1366 2035 1466 2068 modo
1481 2055 1502 2059 -

830 2081 1070 2125 compatmanda
1081 2084 1365 2122 —zmocenaenutt
1379 2081 1433 2121 35,
1448 2080 1502 2121 32,

830 2127 863 2159 ὓ.
882 2145 926 2150 -
949 2127 1047 2159 leceat
1070 2127 1214 2167 scheint,
1241 2128 1300 2159 der
1323 2137 1502 2167 angenoun-

829 2183 946 2225 menen
974 2172 1169 2213 Abneigung
1199 2172 1344 2215 Philipps
1375 2182 1502 2213 gegen—

828 2218 926 2259 iiber,
950 2218 1002 2249 die
1028 2218 1196 2250 Annahme
1219 2218 1501 2259 auszusprechen,

828 2264 905 2296 dass
924 2274 961 2295 er
978 2262 1083 2305 diirse,
1101 2263 1204 2295 Gron.
1223 2274 1324 2295 verm.
1344 2263 1420 2295 lice!
1438 2262 1501 2293 und

828 2309 1017 2341 benachtet
1031 2309 1152 2351 quod—
1165 2309 1344 2353 ι’·ηιρὶοιοιιΙ
1358 2309 1407 2340 als
1424 2308 1502 2339 Pai-

830 2355 982 2387 enthese.
1007 2373 1051 2378 —
1074 2358 1190 2398 perte
1212 2352 1500 2398 pal.110m.‚vgl.

830 2399 888 2438 24,
914 2399 970 2440 26,
994 2400 1030 2432 3:
1053 2410 1171 2443 preces
1191 2411 1278 2433 neme
1296 2410 1356 2443 pit·
1372 2408 1501 2429 memo-

830 2447 919 2478 riam
938 2426 1113 2484 ΙΙὲ-’ωοηιες
1139 2444 1240 2485 Verg.
1259 2445 1340 2477 Am.
1365 2444 1395 2481 4,
1419 2442 1499 2474 314:

829 2501 890 2534 pet·
919 2502 982 2532 ego
1007 2492 1068 2523 lias
1090 2490 1252 2523 laet-‘imas
1277 2489 1502 2531 dcv-altamque

831 2535 1095 2576 01·0,'1'ibu11..3,
1125 2537 1151 2573 1,
1180 2535 1235 2566 15:
1260 2545 1322 2577 pot·
1346 2545 1416 2571 vos,
1439 2544 1501 2566 au·

831 2585 942 2614 omres
959 2601 980 2605 -
998 2582 1170 2620 car-minis,
1191 2590 1259 2621 01¹0,
1280 2590 1310 2611 u.
1329 2589 1379 2618 u.;
1399 2579 1501 2612 Gron.

832 2628 926 2667 liest,
951 2637 1002 2659 υιιι
1027 2625 1174 2658 diesi-ibe
1194 2624 1292 2657 Form
1311 2625 1372 2657 wic
1392 2624 1451 2667 23,
1470 2624 1500 2664 9,
