1712 2825
145 678 162 710 5

144 1133 162 1164 7

146 1243 164 1276 8

638 171 765 205 LIBER
789 172 941 205 XXXX.
989 172 1082 206 CAP.
1103 172 1154 205 10.
1443 189 1470 207 a.
1491 189 1518 207 u.
1539 182 1602 208 572.

198 174 274 214 128

192 277 311 316 iratos
339 278 523 326 paternos
551 274 666 322 deos3
694 275 760 325 qui
787 274 982 326 periturus
1003 274 1174 314 fraterno
1197 274 1342 314 scelere
1361 274 1446 322 fuit,
1467 274 1601 326 perfu-

145 337 164 369 3
192 332 296 383 gium
318 332 357 370 in
375 331 495 383 patris
513 331 780 371 misericordia
796 336 832 370 et
847 331 993 370 iustitia
1009 331 1158 370 habeat.
1199 344 1276 383 quo
1293 332 1396 371 enim
1413 331 1487 370 alio
1505 343 1603 371 con·

190 389 350 438 fagiam,
386 388 446 427 cui
474 399 554 426 non
581 388 768 427 sollemne
796 387 953 427 lustrale
979 388 1168 428 exercitus
1194 388 1267 434 tui,
1303 400 1385 428 non
1413 388 1601 428 decursus

191 445 370 492 militum,
390 456 470 483 non
491 444 645 491 domus,
668 456 748 483 non
770 444 918 495 epulae,
940 456 1021 483 non
1041 457 1120 484 nox
1141 445 1185 484 ad
1204 445 1369 496 quietem
1387 445 1473 484 data
1489 449 1603 484 natu·
1655 428 1672 489 ,⁴

143 507 164 538 4
192 515 256 542 rae
282 501 469 541 beneficio
498 501 726 540 mortalibus
753 506 833 539 tuta
861 499 950 540 est‘?
989 501 1021 540 si
1049 501 1130 540 iero
1160 502 1208 541 ad
1228 502 1387 540 fratrem
1408 501 1603 550 invitatus,
1666 519 1670 521 >

191 559 437 598 moriendum
468 563 544 604 est3
578 558 610 596 si
639 569 824 609 recepero
854 557 953 597 intra
981 557 1134 597 ianuam
1166 556 1399 597 comisatum
1432 558 1605 606 fratrem,

192 615 438 655 moriendum
461 619 536 653 est:
558 625 630 653 nec
651 614 777 652 eundo
800 626 872 653 nec
891 614 1084 653 manendo
1105 614 1265 654 insidias
1287 614 1399 654 evito.
1441 626 1519 665 quo
1541 626 1604 653 me

193 669 420 711 conferam?
457 670 551 709 nihil
578 676 730 722 praeter
757 671 863 720 deos,
887 676 1006 722 pater,
1028 676 1065 710 et
1084 676 1121 710 te
1143 670 1256 710 colui.
1299 682 1378 710 non
1400 670 1602 710 Romanos

192 729 334 775 habeo,
363 728 410 767 ad
439 739 538 778 quos
566 727 806 778 confugiam:
836 727 988 779 perisse
1015 732 1216 778 expetunt,
1246 727 1332 779 quia
1352 727 1430 767 tuis
1452 727 1602 767 iniuriis

193 785 328 831 doleo,
358 784 446 835 quia
466 784 537 822 tibi
557 784 757 835 ademptas
778 789 837 823 tot
857 784 993 831 urbes,
1021 790 1079 823 tot
1099 790 1252 835 gentes,
1276 784 1395 823 modo
1418 783 1604 823 Thraciae
1663 815 1667 822 .

191 842 423 882 maritimam
448 853 555 880 oram
577 840 768 891 indignor.
811 853 882 879 nec
902 853 964 879 me
984 852 1056 880 nec
1075 847 1112 879 te
1132 840 1315 880 incolumi
1337 839 1604 880 Macedoniam
1633 868 1637 871 «
1672 855 1674 857 ·

193 912 304 938 suam
324 899 494 937 futuram
519 905 696 948 sperant3
725 897 757 936 si
779 910 841 936 me
862 897 986 937 scelus
1008 897 1158 943 fratris,
1179 903 1216 936 te
1238 902 1416 936 senectus
1439 896 1605 936 absum-

192 956 313 1007 pserit
333 960 398 994 aut
417 966 466 992 ne
486 967 527 993 ea
550 953 705 1005 quidem
722 959 916 1006 expectata
932 954 1060 1001 fuerit,
1078 966 1206 1005 regem
1223 965 1464 1005 regnumque
1479 954 1604 993 Mace-

194 1012 333 1052 doniae
353 1023 421 1050 sua
441 1011 571 1050 futura
593 1011 731 1050 sciunt.
774 1012 806 1050 si
828 1010 918 1062 quid
941 1017 1048 1050 extra
1068 1010 1331 1050 Macedoniam
1348 1010 1418 1050 tibi
1436 1009 1603 1050 Romani
1663 1013 1670 1022 '·

190 1068 450 1120 reliquissent,
473 1067 567 1106 mihi
588 1079 742 1119 quoque
762 1067 800 1106 id
822 1067 996 1106 relictum
1020 1067 1216 1106 crederem
1239 1066 1534 1118 receptaculum.
1566 1070 1606 1106 at

192 1126 230 1165 in
254 1124 526 1164 Macedonibus
554 1124 647 1163 satis
674 1123 855 1174 praesidii
882 1129 952 1163 est.
995 1123 1119 1162 vidisti
1140 1123 1323 1162 hesterno
1346 1123 1407 1162 die
1427 1122 1604 1175 inpetum

193 1182 358 1221 militum
385 1181 423 1219 in
452 1193 525 1219 me.
545 1180 659 1235 ‚quid
686 1180 759 1219 illis
787 1180 907 1219 defuit
933 1180 1008 1219 nisi
1034 1178 1215 1219 ferrum?
1253 1180 1356 1231 quod
1384 1179 1457 1219 illis
1485 1179 1606 1219 defuit

193 1238 376 1283 interdiu,
406 1238 587 1276 convivae
611 1237 741 1276 fratris
768 1242 888 1276 noctu
915 1237 1234 1288 adsumpserunt.
1275 1236 1364 1287 quid
1399 1237 1445 1276 de
1466 1247 1604 1287 magna

194 1300 301 1346 parte
323 1294 544 1346 principum
565 1294 712 1344 loquar,
736 1293 801 1345 qui
823 1293 862 1332 in
884 1293 1071 1333 Romanis
1094 1306 1204 1344 spem
1227 1304 1385 1332 omnem
1407 1292 1603 1344 dignitatis

194 1388 277 1417 tern.
299 1385 343 1425 d.,
373 1385 425 1416 die
450 1384 688 1425 Scbutzgiitter
711 1385 768 1416 des
793 1383 859 1416 Va-

933 1383 999 1416 Cic.
1021 1382 1117 1416 offic.
1137 1384 1168 1424 2,
1193 1384 1221 1425 7,
1245 1383 1303 1416 23:
1335 1394 1432 1427 quem
1462 1385 1605 1427 quisque

194 1437 274 1471 ters,
298 1431 349 1461 die
368 1430 429 1461 den
448 1429 571 1461 Frevel
595 1440 701 1470 gegen
724 1430 778 1461 ihu
804 1430 860 1461 rii—

933 1430 1079 1472 perz'isse
1107 1431 1249 1473 eoepetc't.
1280 1449 1323 1453 —
1352 1431 1384 1461 si
1408 1440 1472 1470 me,
1499 1429 1605 1462 davor

194 1477 274 1507 chen
294 1475 437 1506 werden.
456 1493 501 1497 —
516 1474 587 1507 soll.
605 1474 717 1514 lustin,
742 1475 809 1514 vgl.
832 1475 860 1516 l,

194 1520 255 1561 28,
288 1520 318 1551 1:
353 1519 496 1552 lustrale
528 1521 746 1562 sacraficium,
780 1520 861 1552 doch

194 1566 318 1598 ko'nnte
336 1566 417 1597 auch
436 1565 577 1597 lustrale
594 1565 705 1597 Subst.
723 1565 806 1605 sein,
833 1566 862 1605 1,

195 1611 249 1651 31,
268 1610 304 1642 ὃς
329 1610 459 1643 occulta
481 1610 657 1643 sollemnia
679 1611 861 1653 saei-{ficia

195 1674 238 1680 -——
257 1658 316 1695 tui,
333 1656 400 1687 alte
419 1655 595 1694 Ausgaben
615 1656 718 1688 haben
738 1657 803 1688 cui.
820 1674 865 1678 -

196 1702 330 1745 epulae,
354 1700 414 1742 23,
434 1700 464 1743 9,
489 1701 520 1732 4.
539 1719 584 1724 —
606 1712 673 1733 non
696 1712 769 1733 nox
786 1706 862 1739 etc„

196 1747 226 1778 in
257 1747 335 1778 sehr
363 1726 465 1778 fre⁷ier
493 1745 759 1787 Wortstelluug,
790 1757 864 1778 zum

197 1791 378 1824 Gedanken
397 1791 463 1823 Cic.
483 1791 554 1823 Cat.
577 1792 603 1829 l,
625 1792 652 1832 1,
675 1793 710 1830 13
735 1792 766 1833 4,
787 1792 814 1833 1,
833 1791 863 1823 2.

198 1847 270 1869 tero
293 1856 314 1860 —
339 1846 495 1880 recepero
520 1855 540 1859 -
563 1847 650 1870 mor.
675 1839 742 1877 est,
769 1847 863 1869 wenn

197 1884 255 1914 das
286 1882 367 1914 Eine
398 1882 516 1913 einmal
546 1883 754 1923 eingetreten
792 1883 863 1914 sein

198 1928 292 1966 wird,
311 1927 393 1967 l'olgt
411 1928 623 1967 nothwendig
640 1928 698 1958 das
716 1927 864 1965 Zweite3

198 1973 256 2004 das
271 1972 369 2003 Erste
388 1972 431 2002 ist
449 1972 479 2002 in
499 1972 550 2002 die
564 1970 712 2003 Zukunft
724 1972 865 2011 νει-1851,

198 2017 275 2048 weil
293 2028 328 2048 es
349 2017 428 2047 nach
451 2016 511 2047 den
538 2016 648 2048 bisher
672 2017 864 2056 geumchten

198 2060 429 2101 lirfahrungon
459 2065 531 2092 erst
555 2072 594 2092 zu
619 2067 785 2093 erwarten
811 2062 865 2100 ist,

199 2108 230 2140 in
264 2106 473 2138 moriendum
505 2109 557 2138 est
586 2107 673 2137 nicht
702 2107 774 2138 eine
806 2106 866 2138 be—

200 2152 343 2184 siimmte
354 2151 553 2191 Gegenwart
568 2151 772 2190 bezeichnet,
788 2162 865 2183 son-

200 2199 279 2230 ‹lern
299 2197 350 2228 die
367 2207 406 2228 nn
426 2198 496 2229 iero
513 2215 534 2218 —
550 2207 707 2240 recepero
726 2197 793 2228 sicli
808 2207 866 2228 an-

201 2242 428 2276 schliessende
478 2242 708 2282 nolliwendige
751 2242 865 2282 Folge,

201 2288 269 2328 vgl.
284 2288 314 2326 6,
330 2288 384 2326 40,
403 2286 456 2318 18:
478 2297 600 2329 parum
616 2290 665 2319 cst
680 2307 699 2310 ψ
713 2289 781 2319 nisi
794 2290 866 2319 lra-

200 2335 312 2371 oeem‘53
329 2333 358 2374 5,
373 2332 427 2370 41,
444 2332 460 2362 ’ἶ
476 2342 506 2363 u.
521 2343 549 2363 a.
569 2351 607 2355 -—
623 2343 686 2364 ree.
703 2352 723 2356 —
737 2335 866 2372 comis„

201 2378 338 2410 Terent.
358 2377 442 2409 Eun.
461 2377 497 2418 3,
524 2377 557 2418 1,
577 2378 634 2409 51:
658 2380 867 2410 intromitta-

200 2435 276 2456 mus
291 2425 499 2456 comisatum.

247 2470 334 2499 5—15.
360 2470 496 2511 praeter
517 2467 560 2508 d„
586 2467 667 2498 Sall.
688 2466 709 2498 1,
739 2468 788 2506 14,
818 2468 866 2499 ΙΤ.

201 2531 243 2536 -
274 2515 405 2557 perisse
441 2513 612 2545 entweder
651 2512 868 2552 cigentlichcs

203 2559 429 2600 praa-teritum,
445 2568 471 2591 s,
486 2558 538 2598 37,
558 2557 606 2600 19,
625 2558 656 2598 5,
674 2558 755 2589 oder
773 2569 807 2589 cs
827 2559 869 2589 ist

204 2604 264 2635 wie
286 2604 337 2645 39,
361 2604 410 2641 14,
431 2605 449 2635 8
468 2609 596 2645 gesugt,
614 2613 641 2635 s.
661 2603 715 2643 32,
733 2603 787 2644 21,
806 2603 866 2642 323

934 1475 1036 1506 haben
1062 1475 1113 1506 die
1137 1475 1292 1517 spiiteren
1320 1474 1395 1506 Hss.
1427 1474 1504 1514 sed,
1533 1483 1602 1507 was

931 1520 1052 1561 jedocb
1073 1525 1248 1559 zugesetzt
1265 1520 1335 1552 sein
1353 1519 1449 1552 kann.
1467 1537 1511 1543 —
1527 1529 1604 1552 mo-

936 1564 996 1605 do,
1015 1564 1074 1605 39,
1093 1564 1151 1605 53,
1181 1564 1233 1596 10.
1251 1565 1437 1607 —sutura
1454 1565 1510 1596 hat
1534 1564 1604 1596 sich

936 1620 975 1642 an
1000 1621 1065 1642 sua
1086 1610 1361 1651 angescblossen,
1385 1610 1530 1642 welches
1554 1609 1604 1641 als

939 1655 1128 1687 Substant.:
1153 1656 1203 1687 ihr
1223 1655 1436 1696 Eigenthum‚
1465 1665 1506 1686 zu
1524 1654 1605 1687 neh-

937 1711 1010 1733 men
1030 1701 1088 1742 ist,
1112 1701 1152 1732 da
1169 1698 1229 1732 auf
1243 1701 1301 1732 das
1319 1700 1528 1743 persiinliche
1550 1709 1605 1733 re-

934 1757 1013 1789 gem
1048 1747 1105 1778 das
1135 1745 1297 1778 Neutrum
1330 1745 1425 1777 kanni
1458 1745 1606 1786 bezogen

938 1791 1073 1823 werden
1106 1791 1247 1829 konnte3
1282 1790 1340 1831 44,
1374 1790 1432 1832 24,
1472 1789 1508 1822 2:
1540 1792 1605 1823 ini-

937 1838 1024 1869 mica
1051 1838 1139 1868 inter
1169 1847 1205 1868 se
1229 1847 1304 1868 esse
1326 1836 1465 1868 liberam
1488 1836 1606 1868 civita-

940 1885 1007 1914 tem
1031 1884 1063 1913 et
1085 1892 1201 1923 regem
1227 1881 1271 1912 ist
1293 1890 1408 1921 wegen
1433 1881 1492 1913 der
1515 1880 1606 1913 Stel-

940 1927 1018 1966 lung
1043 1937 1104 1957 von
1129 1927 1264 1958 inimica
1285 1925 1349 1957 und
1369 1926 1445 1958 weil
1465 1925 1536 1958 hier
1553 1925 1606 1958 die

940 1971 1053 2003 Subst.
1085 1971 1134 2003 als
1167 1970 1365 2011 allgemeine
1394 1970 1536 2012 Begriffe
1565 1981 1606 2003 zu

940 2017 1076 2048 nehmen
1102 2017 1191 2056 sind,
1215 2016 1444 2048 verscliieden.
1489 2015 1606 2050 Uebri·

938 2072 1019 2102 gens
1051 2063 1093 2093 ist
1120 2072 1184 2093 sua
1211 2061 1241 2092 in
1267 2061 1378 2102 Bezug
1407 2059 1468 2094 auf
1489 2071 1607 2104 regem

939 2111 1045 2138 etwas
1063 2107 1184 2139 anders
1203 2117 1243 2138 zu
1262 2105 1391 2147 sussen,
1416 2106 1467 2139 als
1485 2117 1527 2138 zu
1549 2116 1606 2139 ro-

936 2162 1058 2194 gnum.
1082 2170 1125 2175 —-
1149 2154 1180 2183 si
1202 2151 1283 2194 qm'd
1309 2156 1372 2184 etc.
1410 2150 1606 2192 Uebergnng

941 2208 980 2228 zu
1002 2198 1074 2228 dem
1092 2208 1196 2229 neuen
1217 2196 1368 2236 Grunde,
1392 2197 1452 2228 der
1473 2194 1606 2229 freilich

941 2243 1030 2275 nicht
1045 2243 1121 2274 sehr
1135 2242 1188 2274 l'iir
1201 2243 1262 2274 den
1278 2241 1454 2274 Redendcn
1469 2241 1606 2285 spricht.

986 2333 1095 2364 7-10.
1121 2336 1170 2364 at:
1196 2334 1237 2365 du
1256 2333 1330 2365 hest
1343 2331 1379 2374 ja
1403 2332 1499 2370 uber,
1527 2330 1609 2364 Ein-
1672 2324 1675 2366 ᾗ

940 2377 1031 2410 wurl’
1050 2379 1108 2409 des
1134 2377 1295 2420 Gegners.
1312 2395 1356 2401 —
1373 2376 1503 2409 vidisti:
1528 2376 1606 2410 dass

941 2424 998 2455 dns
1028 2423 1119 2455 nicht
1141 2433 1178 2454 so
1202 2424 1268 2463 sei,
1298 2423 1353 2454 hat
1376 2422 1435 2454 der
1457 2422 1607 2462 gesti-ige

941 2467 1011 2507 'sug
1028 2468 1170 2507 gezeigt.
1188 2487 1227 2491 —
1247 2470 1326 2544 ιἠιήι.
1344 2466 1411 2499 mil.
1428 2469 1461 2499 in
1478 2478 1533 2499 me
1548 2467 1606 2499 ha-

942 2513 1002 2544 ben
1027 2514 1079 2544 die
1104 2514 1258 2555 spiiteren
1314 2522 1372 2551 ss„
1396 2512 1469 2544 cine
1493 2511 1544 2544 bei
1567 2511 1605 2544 L.

942 2558 1022 2589 auch
1047 2562 1142 2589 sonst
1160 2559 1229 2591 sich
1249 2557 1398 2590 findenda
1419 2556 1607 2590 Wortstel-

939 2603 1025 2643 lung,
1047 2603 1075 2644 l,
1095 2604 1146 2645 50,
1165 2604 1194 2634 3.
1214 2621 1258 2627 —
1272 2603 1427 2647 princip„
1447 2612 1475 2635 c.
1494 2601 1532 2643 33
1551 2601 1607 2643 44,
