1712 2825
125 196 152 214 a.
166 187 221 214 ch.
243 188 303 214 185.
567 175 695 208 LIBER
722 174 886 207 xxxix.
928 175 1021 207 CAP.
1041 175 1095 207 27.
1480 175 1533 214 53

123 294 221 334 quae
243 280 314 320 sub
334 278 526 319 Antiocho
546 278 702 326 fuerint,
722 277 895 329 praemia
915 276 1004 317 belli
1024 277 1239 316 Eumenem
1257 289 1372 329 quam
1388 276 1537 328 Philip-

123 350 218 390 pum
236 336 378 376 habere
393 336 451 375 vel
465 347 538 387 pro
556 336 677 387 patris
695 335 808 374 Attali
824 334 973 374 meritis
990 333 1103 381 hello,
1119 334 1224 386 quod
1241 335 1425 373 adversus
1442 334 1535 373 Phi-

122 395 270 446 lippum
292 393 424 444 ipsum
445 392 609 443 gesserit
629 392 800 444 populus
816 391 1032 438 Romanus,
1048 391 1105 429 vel
1123 391 1218 438 suis,
1237 391 1340 441 quod
1358 390 1539 430 Antiochi

121 450 220 490 hello
250 454 352 489 terra
379 448 555 500 marique
582 448 781 488 laboribus
809 448 1069 500 periculisque
1097 447 1282 487 omnibus
1310 447 1538 487 interfuerit.

121 507 264 546 habere
281 519 369 546 eum
386 510 584 558 praeterea
601 506 733 545 decem
750 506 967 556 legatorum
984 505 1023 543 in
1044 515 1130 543 eam
1148 516 1230 543 rem
1248 504 1539 556 praeiudicium,

121 563 292 615 quicum
310 563 599 602 Chersonesum
616 561 978 614 Lysimachiamque
995 561 1181 609 dederint,
1195 561 1419 600 Maroneam
1437 573 1537 611 quo-

121 632 196 672 que
212 625 326 671 atque
334 621 483 659 Aenum
501 619 681 671 profecto
700 619 869 664 dedisse,
886 631 983 670 quae
999 619 1085 669 ipsa
1101 617 1393 670 propinquitate
1409 617 1538 667 regio-

120 677 182 716 nis
214 676 319 716 velut
345 677 582 728 adpendices
607 677 769 715 maioris
800 676 973 715 muneris
1004 680 1145 714 essent.
1194 686 1285 714 nam
1312 673 1538 725 Philippum

122 733 278 786 quidem
309 745 385 785 quo
409 738 473 773 aut
492 733 632 772 merito
654 733 695 772 in
716 733 906 784 populum
928 732 1152 771 Romanum
1177 736 1243 771 aut
1271 731 1354 770 iure
1375 729 1541 781 imperii,

122 803 211 830 cum
231 796 311 829 tam
333 790 469 842 procul
490 803 508 829 a
532 789 674 829 finibus
695 789 941 829 Macedoniae
957 789 1095 837 absint,
1115 787 1329 828 civitatibus
1346 788 1408 826 his
1426 799 1541 838 prae-

121 847 220 887 sidia
235 845 491 899 inposuisse?
514 847 645 886 vocari
660 846 872 886 Maronitas
888 846 1084 893 iuberent,
1100 845 1146 885 ab
1163 845 1210 884 iis
1228 844 1393 884 certiora
1410 843 1541 882 omnia

122 904 170 944 de
197 908 302 944 statu
337 903 546 943 civitatium
582 916 713 943 earum
744 903 926 942 scituros.
967 903 1080 954 legati
1110 903 1389 941 Maronitarum
1418 899 1542 939 vocati

121 972 204 1001 non
223 973 303 1000 uno
324 965 476 1000 tantum
498 960 583 999 loco
607 960 714 1000 urbis
735 960 974 1012 praesidium
995 959 1147 1010 regium
1169 971 1268 1006 esse,
1288 958 1388 997 sicut
1402 957 1441 996 in
1458 956 1542 996 aliis

122 1017 358 1065 civitatibus,
386 1017 585 1063 dixerunt,
608 1017 676 1056 sed
697 1017 873 1068 pluribus
895 1016 1029 1063 simul,
1053 1020 1091 1056 et
1110 1016 1264 1067 plenam
1287 1015 1542 1054 Macedonum

121 1075 344 1114 Maroneam
373 1086 472 1113 esse.
514 1074 644 1125 itaque
666 1074 859 1114 dominari
887 1074 1158 1113 adsentatores
1186 1072 1334 1123 regios3
1362 1071 1424 1110 his
1448 1070 1541 1109 solis

121 1131 228 1181 loqui
249 1135 286 1169 et
306 1130 346 1168 in
368 1136 508 1169 senatu
528 1135 566 1168 et
585 1131 624 1169 in
648 1130 897 1170 contionibus
919 1130 1047 1178 licere,
1070 1142 1137 1168 eos
1160 1141 1298 1168 omnes
1315 1129 1489 1167 honores
1506 1132 1544 1165 et

124 1198 260 1238 capere
288 1186 398 1238 ipsos
421 1192 457 1224 et
478 1186 569 1225 dare
590 1186 683 1226 aliis.
727 1186 918 1238 optimum
942 1198 1155 1238 quemque,
1179 1185 1320 1236 quibus
1341 1184 1541 1230 libertatis,

125 1243 267 1294 quihus
288 1243 418 1293 legum
441 1255 531 1282 cura
553 1243 614 1290 sit,
637 1249 702 1282 aut
723 1243 875 1282 exulare
896 1243 1032 1294 pulsos
1054 1242 1177 1293 patria
1199 1248 1263 1281 aut
1284 1242 1542 1280 inhonoratos

123 1305 160 1338 et
180 1299 437 1338 deterioribus
462 1299 653 1338 obnoxios
672 1299 797 1338 silere.
838 1300 884 1338 de
905 1300 989 1338 iure
1010 1301 1122 1338 etiam
1145 1299 1281 1337 finium
1298 1310 1420 1349 pauca
1437 1297 1542 1336 adie-

124 1360 279 1395 cerunt:
303 1356 348 1402 Q.
362 1355 522 1394 Fabium
539 1355 774 1403 Labeonem,
793 1355 936 1395 cumin
953 1355 1111 1407 regione
1128 1367 1171 1394 ea
1186 1355 1338 1403 fuisset,
1357 1353 1544 1393 direxisse

123 1413 242 1451 finem
257 1412 436 1464 Philippo
454 1417 621 1451 veterem
638 1412 738 1452 viam
759 1413 919 1464 regiam,
937 1424 1033 1464 quae
1045 1412 1092 1451 ad
1102 1411 1310 1451 Thraeciae
1321 1410 1546 1450 Paroreiam

119 1526 274 1602 praenln'a
286 1524 462 1601 allgeipein
478 1529 576 1557 statt:
590 1525 795 1601 sie2alspsw.

123 1580 384 1656 Cicfssxugfhc'ss
405 1580 549 1647 fgssljzyt'oe’l
563 1571 735 1659 {vage-{13³3
747 1571 797 1648 ffel

124 1662 329 1694 oratoribus.
356 1677 400 1684 —
427 1660 517 1702 quod
540 1661 721 1701 Antiochi,
751 1661 796 1693 ist

124 1701 214 1737 nicht
232 1706 352 1743 sicher,
373 1706 412 1737 da
431 1706 482 1736 die
501 1705 577 1737 Hss.
597 1717 660 1748 quo
679 1705 795 1746 baben,

124 1759 194 1781 was
224 1751 382 1792 quonium
412 1751 482 1781 sein
513 1750 618 1790 kann3
649 1761 685 1782 es
711 1752 795 1783 wird

124 1795 206 1827 auch
224 1797 281 1836 qui
294 1795 493 1826 verniuthet.

170 1840 258 1871 5-6.
282 1840 487 1883 prae-indic„
513 1839 550 1879 3,
575 1840 636 1880 40,
664 1839 712 1882 11,
737 1841 797 1872 der

122 1885 307 1925 vorliiufige
337 1885 493 1917 Bescheid
523 1885 588 1917 soll
612 1885 702 1926 jetzt
732 1896 795 1917 von

123 1930 186 1962 den
204 1929 445 1962 Commissaren
465 1930 628 1971 bestatigt
648 1931 794 1962 werden.

123 1993 166 1999 ——
184 1978 348 2018 quicum,
367 1976 426 2015 21,
447 1976 476 2016 6,
495 1976 533 2016 43
561 1975 603 2007 ib.
623 1976 683 2017 41,
703 1976 733 2007 S.
751 1994 795 1999 —

123 2020 287 2060 dederint,
306 2022 401 2062 dazu,
420 2022 483 2053 wie
502 2031 544 2052 zu
561 2020 694 2053 dedisse
707 2021 794 2053 kann

123 2068 155 2098 ei
174 2075 233 2098 aus
257 2077 334 2099 eum
351 2067 491 2107 gedacht
509 2067 655 2098 werden.
675 2086 715 2090 —
736 2067 795 2099 de-

123 2111 228 2153 disse,
252 2113 284 2144 in
310 2117 393 2144 orat.
419 2117 510 2144 recta
535 2122 611 2145 cum
628 2111 796 2145 dederunt

122 2176 145 2180 -
159 2157 342 2190 dederunt:
362 2158 468 2190 indem
486 2158 534 2189 sie
553 2158 611 2189 das
630 2157 713 2189 Eine
735 2168 792 2198 ge-

122 2202 225 2243 geben
242 2203 366 2245 hiitten,
381 2204 494 2235 h'zitten
510 2203 647 2235 sieauch
657 2204 715 2235 das
725 2204 794 2235 An-

123 2248 202 2280 dere
217 2248 374 2289 gegeben,
388 2249 428 2280 da
442 2259 478 2280 so
489 2259 524 2280 es
534 2249 603 2281 sich
614 2259 676 2281 von
686 2249 793 2281 selbst

124 2295 289 2335 verstehe,
307 2294 355 2325 sei
375 2304 410 2325 es
429 2294 519 2326 nicht
535 2294 718 2327 besonders
737 2305 792 2326 er-

121 2338 231 2378 kliirt3
256 2338 438 2380 allerdings
464 2339 517 2379 lag
541 2340 651 2371 dieses
670 2340 700 2371 in
719 2340 791 2372 dein

121 2384 313 2427 Ausspruch
333 2384 392 2424 38,
417 2384 475 2424 39,
498 2385 552 2416 14:
577 2386 793 2428 quibusfinr'-

123 2431 184 2462 bus
208 2432 363 2462 tenum-at
385 2430 591 2470 Antiochus,
617 2431 656 2462 da
681 2431 793 2462 dieser

122 2476 204 2507 auch
229 2475 342 2507 Aenus
362 2486 391 2506 u.
413 2475 568 2507 Maronea
586 2476 716 2508 hesetzt
734 2487 792 2517 ge-

123 2520 202 2552 habt
218 2521 320 2559 hatte,
340 2531 366 2552 S.
386 2520 440 2560 37,
458 2520 500 2551 60
519 2521 586 2561 vgl.
605 2521 646 2554 ib.
667 2521 719 2561 54,
742 2521 791 2553 11.

124 2583 165 2588 —--
189 2565 382 2610 adpwdic„
414 2566 473 2603 21,
504 2567 540 2607 5,
571 2567 619 2598 11.
647 2585 690 2590 --
715 2578 793 2599 uum

123 2610 187 2643 wie
206 2623 233 2643 c.
253 2611 306 2654 26,
325 2611 355 2644 3,
373 2629 418 2635 —
437 2611 519 2644 l’lu'l.
539 2612 637 2655 quid„
657 2612 712 2645 1¹11.
727 2623 794 2644 we-

867 1525 1035 1566 nigstens,
1062 1529 1134 1556 erst
1157 1524 1240 1556 habe
1258 1534 1318 1565 gar
1335 1524 1454 1555 keinen
1472 1523 1544 1554 An-

867 1571 1000 1612 spruch.
1018 1588 1064 1593 —
1079 1573 1143 1602 aut
1156 1580 1254 1611 men,
1279 1569 1336 1610 vgl
1365 1569 1418 1610 24,
1437 1568 1491 1608 47,
1511 1568 1542 1600 5.

866 1634 912 1639 -
928 1618 1011 1655 seit„
1030 1615 1085 1657 35,
1104 1614 1157 1655 38,
1180 1615 1232 1646 14.

913 1661 1023 1692 ἰ’-10.
1054 1662 1148 1693 urbis
1167 1680 1189 1683 —
1208 1661 1314 1702 cz‘vit.,
1338 1670 1401 1691 nur
1424 1669 1476 1690 um
1501 1668 1543 1689 zu

866 1706 1047 1747 wechseln,
1065 1705 1169 1749 praef.
1192 1706 1245 1737 11.
1263 1723 1307 1728 -
1324 1705 1467 1746 adsent.,
1486 1703 1541 1745 31,

868 1751 920 1793 25,
942 1751 993 1783 10.
1011 1770 1055 1774 -
1072 1754 1195 1783 senatu
1207 1770 1230 1774 -
1243 1754 1342 1791 cont.,
1361 1751 1442 1782 nach
1458 1751 1541 1781 ro'm.

867 1795 1099 1837 Vorstellung.
1127 1816 1166 1819 —
1201 1796 1315 1838 legum
1342 1797 1383 1827 im
1408 1794 1542 1835 Gegen-

869 1846 963 1873 satze
993 1852 1034 1873 zu
1060 1843 1119 1874 der
1142 1841 1350 1881 kiiniglichen
1377 1840 1542 1880 winkiir,

867 1887 936 1927 vgl.
956 1886 987 1927 2,
1010 1887 1037 1927 1,
1059 1887 1087 1918 1.
1107 1905 1150 1909 —
1168 1886 1360 1919 deleriorib.
1381 1887 1467 1925 olm„
1487 1884 1541 1926 38,

869 1931 930 1972 34,
955 1932 986 1963 9.
1011 1950 1056 1954 -
1077 1934 1154 1964 iure
1167 1933 1252 1974 sim,
1283 1932 1334 1963 die
1357 1931 1541 1972 gesetzlich

868 1977 1079 2009 bestimmten
1111 1976 1276 2009 Grenzen.
1309 1995 1353 2000 —-
1386 1976 1540 2018 Fabium,

868 2022 919 2054 bei
938 2023 997 2054 der
1016 2022 1074 2063 37,
1094 2022 1153 2061 60,
1175 2023 1192 2053 7
1212 2023 1406 2054 erwiihnten
1425 2021 1543 2064 Expe-

868 2068 984 2100 dition.
997 2086 1042 2091 —-
1056 2071 1201 2100 veterem
1217 2070 1303 2100 viam
1317 2072 1474 2109 reg.etc.,
1489 2068 1541 2099 die

863 2113 1029 2155 jiingeren
1061 2113 1137 2145 Hss.
1171 2114 1274 2146 baben
1308 2116 1454 2145 veterem
1485 2123 1543 2145 re-

864 2161 978 2201 giam,
1008 2169 1093 2201 quae
1116 2178 1138 2181 —
1162 2159 1209 2191 ad
1235 2170 1331 2191 mare
1349 2159 1539 2201 serentem,

867 2215 936 2236 was
947 2203 1048 2236 Gron.
1062 2205 1182 2245 billigt.
1196 2222 1240 2227 —
1259 2204 1539 2241 Tl17·aec.l’01·or·.‚

865 2250 920 2289 42,
940 2250 992 2289 51,
1012 2250 1047 2281 5:
1068 2250 1218 2282 Paeones
1237 2253 1269 2282 et
1287 2261 1332 2281 ea:
1347 2250 1490 2281 Paroria
1509 2252 1540 2279 ec

866 2296 1153 2338 I’arastrymonr'a
1171 2297 1265 2334 (sunt
1282 2298 1395 2327 autem
1413 2306 1451 2326 ea
1468 2295 1541 2325 loca

865 2342 1016 2373 subiecta
1053 2342 1232 2380 Thraciae)
1275 2344 1306 2373 el
1345 2342 1536 2381 Agriane&

865 2386 988 2428 Plin.4,
1007 2386 1055 2428 10,
1070 2387 1129 2417 35:
1146 2387 1441 2426 I’aeouiaegvnlvs
1452 2385 1539 2416 ΡΜ·-

867 2434 976 2471 ornei,
1006 2443 1042 2463 es
1073 2433 1201 2464 selu-int
1220 2433 1291 2463 also
1317 2432 1366 2461 1111·
1394 2431 1536 2469 Burgge-

867 2478 951 2518 gend
971 2488 1010 2508 an
1032 2478 1091 2508 ‹lc-r
1111 2477 1336 2517 &Vi-slgrcnze
1355 2475 1538 2506 Thracicos

868 2523 948 2554 uach
974 2523 1045 2554 dem
1071 2524 1226 2564 Strymon
1253 2533 1292 2552 zu
1315 2531 1470 2559 gewescn
1497 2531 1538 2552 zu

869 2569 957 2606 soin3
983 2567 1180 2603 Thraemae,
1199 2569 1238 2598 da
1257 2568 1337 2597 auch
1357 2567 1386 2597 111
1408 2566 1538 2608 Epirus,

869 2624 895 2646 s.
913 2625 953 2645 zu
968 2613 1066 2653 3S,·1,
1087 2614 1114 2653 3,
1132 2614 1204 2643 vine
1220 2610 1373 2644 Parorea
1387 2612 1538 2644 erwiibnt

1572 1081 1591 1113 8

1571 1195 1592 1226 9

1573 1307 1615 1340 10
