1712 2825
648 219 910 253 PERIOCHAE.
1405 223 1483 263 381

78 328 138 361 nit.
171 327 247 360 item
265 335 320 357 res
339 325 372 356 in
388 323 567 364 Liguribus
586 327 620 355 et
637 323 793 365 Hispania
811 327 928 355 contra
941 322 1127 355 Celtiberos
1144 335 1163 355 a
1181 324 1394 367 conpluribus
1411 323 1488 357 feli-

77 375 164 406 citer
184 376 297 413 gestas
321 369 480 402 continet.
520 368 650 400 colonia
672 369 824 410 Aquileia
845 369 986 400 deducta
1006 373 1068 400 est.
1107 369 1184 400 libri
1202 369 1327 402 Numae
1347 371 1489 413 Pompili

78 419 111 451 in
128 427 208 459 agro
224 416 262 448 L.
279 415 393 447 Petilli
421 413 550 445 scribae
569 414 629 445 sub
651 413 797 445 laniculo
821 424 840 445 a
858 413 1042 445 cultoribus
1065 415 1137 455 agri
1161 425 1239 446 area
1255 416 1384 456 lapidea
1403 416 1489 448 clusi

79 462 204 496 inventi
220 465 297 493 sunt
314 464 348 492 et
369 459 489 492 Graeci
507 464 541 491 et
563 459 685 491 Latini.
723 459 755 491 in
781 459 896 502 quibus
921 469 993 490 eum
1016 459 1174 501 pleraque
1200 460 1488 493 dissolvendarum

78 507 276 548 religionum
293 509 440 547 praetor,
458 505 499 536 ad
518 515 613 547 quem
631 505 733 536 delati
751 509 858 545 erant,
883 504 1040 545 legisset,
1064 505 1188 536 iuravit
1205 506 1352 545 senatui,
1371 511 1488 538 eontra

75 562 145 585 rem
164 551 327 594 publicam
346 561 438 592 esse,
454 554 491 581 ut
511 550 707 590 legerentur
731 554 1026 592 servarentnrque.
1059 560 1101 581 ex
1125 554 1261 582 senatus
1285 552 1436 582 consulto
1455 553 1488 583 in

75 597 207 629 comitio
222 596 334 628 exusti
352 600 440 627 sunt.
468 595 639 638 Philippus
653 595 860 636 aegritudine
874 596 972 627 animi
986 593 1170 636 confectus,
1186 596 1271 638 quod
1285 595 1488 629 Demetrium

75 641 179 674 filium
192 639 287 673 falsis
305 641 447 673 alterius
465 641 525 672 filii
541 641 572 672 in
593 641 732 672 eundem
749 640 970 672 delationibus
995 641 1156 683 impulsus
1176 651 1304 673 veneno
1329 642 1488 673 sustulis-

75 691 147 728 set,
165 687 204 718 de
229 697 334 729 poena
357 686 474 718 Persei
498 686 659 726 cogitavit
681 686 852 728 voluitque
875 686 1080 726 Antigonum
1104 686 1213 729 potius
1236 687 1375 718 amicum
1393 697 1487 719 suum

74 742 302 764 successorem
320 732 414 773 regni
433 732 484 763 sui
504 731 710 774 relinquere,
729 731 787 763 sed
806 732 838 763 in
862 732 922 763 hac
941 732 1145 772 cogitatione
1164 736 1271 763 morte
1290 737 1405 774 raptus
1423 737 1487 765 est.

73 787 210 819 regnum
227 777 373 810 Perseus
392 777 536 819 excepit.

556 934 626 967 EX
651 934 804 967 LIBRO
829 935 1022 968 XXXXI.

161 1003 251 1045 Ignis
270 1004 300 1035 in
319 1004 400 1036 aede
418 1003 544 1035 Vestae
564 1004 732 1035 extinctus
751 1008 813 1036 est.
843 1003 895 1036 Ti.
914 1004 1127 1047 Sempronius
1147 1004 1316 1037 Gracchus
1341 1015 1488 1047 procon-

73 1049 127 1081 sul
143 1048 332 1082 Celtiberos
349 1049 457 1081 victos
476 1050 506 1081 in
525 1049 726 1081 deditionem
743 1050 888 1091 aceepit,
913 1054 1222 1092 monumentumque
1247 1061 1382 1092 operum
1406 1061 1488 1082 suo—

72 1104 144 1126 rum
163 1093 379 1127 Gracchurim
397 1094 547 1136 oppidum
567 1095 599 1126 in
617 1094 774 1137 Hispania
792 1095 977 1127 constituit.
1005 1100 1039 1127 et
1055 1106 1073 1127 a
1089 1095 1257 1127 Postumio
1271 1096 1392 1127 Albino
1410 1106 1486 1138 pro-

72 1139 210 1172 consule
227 1139 370 1172 Vaccaei
387 1149 425 1171 ac
443 1139 593 1171 Lusitani
612 1140 739 1171 subacti
757 1144 843 1171 sunt.
879 1145 1018 1183 uterque
1043 1141 1267 1182 triumphavit.
1302 1141 1486 1173 Antiochus

71 1185 229 1217 Antiochi
245 1184 332 1217 filius
352 1184 449 1216 obses
466 1184 621 1216 Romanis
638 1195 657 1216 a
674 1189 768 1227 patre
787 1186 894 1223 datus,
914 1190 1044 1217 mortuo
1063 1183 1168 1217 fratre
1188 1186 1340 1226 Seleuco,
1360 1187 1412 1229 qui
1430 1196 1488 1229 pa-

73 1230 118 1262 tri
135 1228 291 1262 defuneto
309 1235 533 1268 successerat,
552 1231 583 1261 in
602 1240 739 1271 regnum
757 1230 876 1273 Syriae
897 1231 937 1262 ab
962 1231 1044 1263 urbe
1071 1231 1237 1263 dimissus.
1273 1232 1326 1274 qui
1352 1237 1488 1274 praeter

71 1275 287 1317 religionem,
311 1286 372 1318 qua
390 1275 492 1307 multa
511 1276 630 1318 templa
649 1275 821 1316 magnifica
839 1276 952 1308 multis
977 1277 1058 1308 locis
1082 1277 1210 1317 erexit,
1234 1277 1375 1309 Athenis
1398 1276 1487 1309 lovis

74 1320 219 1363 Olympii
242 1326 275 1353 et
302 1321 498 1353 Antiochiae
526 1321 716 1364 Capilolim',
740 1321 937 1353 vilissimum
962 1332 1073 1361 regem
1092 1322 1170 1361 egit.
1207 1322 1349 1354 lustrum
1366 1333 1386 1354 a
1410 1333 1489 1354 cen-

71 1377 204 1409 soribus
222 1377 388 1409 conditum
406 1383 476 1418 est;
496 1387 594 1408 censa
619 1382 697 1409 sunt
720 1378 838 1409 civium
862 1379 970 1420 capita
989 1377 1339 1412 CCLVlllCCXCllll.
1369 1378 1488 1420 ,Qvo-

72 1422 187 1454 conius
205 1422 294 1454 Saxa
314 1423 464 1455 tribunus
483 1422 588 1464 plebis
607 1422 712 1463 legem
732 1423 826 1462 tulit,
849 1434 889 1454 ne
914 1423 985 1466 quis
1010 1424 1182 1456 mulierem
1207 1425 1362 1456 heredem
1387 1425 1488 1456 insti-

71 1472 194 1500 tueret.
229 1468 336 1500 suasit
359 1468 465 1509 legem
489 1467 534 1499 M.
552 1467 651 1508 Cat0;
676 1473 767 1500 extat
791 1469 897 1500 oratio
922 1469 1005 1501 eius.
1044 1474 1222 1511 praeterea
1247 1480 1301 1502 res
1324 1470 1487 1502 adversus

70 1512 213 1553 Ligures
232 1517 266 1545 ct
283 1513 415 1545 Histros
434 1518 468 1545 et
487 1512 610 1544 Sardos
630 1518 664 1545 et
681 1513 870 1546 Celtiberos
888 1524 905 1546 a
925 1514 1138 1556 conpluribus
1163 1515 1300 1547 ducibus
1324 1525 1486 1558 prospere

73 1563 188 1599 gestas
207 1563 242 1591 et
259 1559 352 1590 initia
369 1558 450 1591 belli
468 1558 673 1590 Macedonici
692 1559 852 1600 eontinet,
872 1560 956 1602 quod
975 1560 1119 1592 Perseus
1138 1560 1280 1603 Philippi
1303 1561 1391 1592 iilius
1415 1571 1487 1592 mo-

72 1603 226 1635 liebatur.
265 1604 403 1636 miserat
430 1604 471 1635 ad
495 1604 783 1644 Carthaginienses
808 1604 1026 1646 legationem,
1059 1610 1093 1637 et
1115 1606 1155 1637 ab
1179 1606 1220 1638 iis
1245 1610 1342 1638 nocte
1373 1606 1483 1638 audita

74 1652 158 1680 crat.
193 1649 251 1680 sed
270 1653 304 1681 et
319 1649 403 1680 alias
422 1648 583 1681 Graeciae
602 1649 757 1682 clvitates
776 1650 992 1683 sollieitabat.

533 1806 602 1838 EX
631 1805 780 1839 LIBRO
811 1807 1022 1840 XXXXII.

163 1875 201 1918 Q.
226 1874 365 1907 Fulvius
386 1873 526 1906 Flaccus
551 1886 672 1907 censor
691 1875 846 1917 templum
867 1874 999 1907 Iunonis
1020 1875 1174 1908 Laciniae
1196 1877 1318 1917 tegulis
1342 1887 1484 1909 marino-

73 1921 140 1953 reis
155 1920 320 1963 spoliavit,
340 1925 374 1952 ut
391 1921 516 1962 aedem,
532 1931 625 1963 quani
641 1921 864 1961 dedicaverat,
883 1925 1024 1962 tegeret.
1045 1922 1176 1961 tegulae
1192 1932 1232 1953 ex
1249 1927 1385 1954 senatus
1404 1933 1484 1954 eon-

72 1966 162 1998 sulto
187 1970 389 2008 reportatae.
440 1965 604 1998 Eumenes
630 1966 729 1998 Asiae
756 1976 814 1997 rex
848 1967 877 1997 in
909 1971 1027 1998 senatu
1052 1967 1092 1998 de
1119 1967 1243 1998 Perseo
1267 1967 1483 2000 Macedoniae

70 2021 152 2052 rege
171 2015 307 2054 questus
325 2015 392 2052 est,
411 2011 504 2043 cuius
524 2011 663 2043 iniuriae
682 2012 712 2043 in
733 2011 884 2053 populum
904 2012 1082 2044 Romanum
1101 2012 1304 2045 referuntur.
1344 2013 1384 2045 oh
1402 2025 1482 2056 quas

69 2056 158 2088 bello
176 2056 206 2088 ei
225 2056 348 2088 indicto
366 2055 400 2088 P.
419 2056 566 2088 Licinius
585 2057 725 2088 Crassus
745 2057 871 2099 consul,
889 2058 940 2089 eui
957 2058 1144 2089 mandatum
1163 2063 1252 2097 erat,
1273 2059 1304 2090 in
1324 2058 1483 2090 Macedo-

69 2102 154 2134 niam
173 2102 307 2133 transiit
324 2101 518 2143 levibusque
536 2102 822 2145 expeditionibus,
848 2103 1060 2145 equestribus
1079 2104 1231 2146 proeliis,
1257 2104 1287 2135 in
1307 2103 1482 2136 Thessalia

68 2157 142 2179 cuin
161 2147 284 2179 Perseo
306 2157 431 2190 parum
443 2147 550 2189 salici
568 2152 689 2180 eventu
709 2148 878 2190 pugnavit.
919 2149 1008 2180 inter
1026 2148 1234 2181 Masinissam
1257 2154 1291 2180 et
1309 2149 1482 2191 Carthagi-

68 2193 202 2225 nienses
220 2192 259 2223 de
277 2202 357 2232 agro
378 2191 439 2223 fuit
458 2192 509 2224 Iis.
550 2194 621 2225 dies
645 2194 693 2224 eis
717 2193 757 2224 ad
782 2194 1028 2236 disceptandum
1049 2204 1065 2224 a
1088 2199 1207 2226 senatu
1231 2195 1338 2226 datus.
1379 2195 1479 2234 legati

68 2238 160 2270 missi
177 2237 217 2268 ad
236 2238 343 2268 socias
362 2237 516 2269 civitates
536 2249 697 2281 regesque
717 2239 901 2279 rogandos,
926 2240 1008 2271 utin
1031 2240 1091 2271 lide
1112 2245 1360 2282 permanerent,
1386 2241 1480 2271 dubim

68 2282 215 2315 tantibus
240 2281 386 2313 Rhodiis.
428 2283 566 2315 lustrum
589 2294 607 2315 a
632 2284 826 2316 censoribus
852 2285 1017 2316 eonditum
1042 2290 1111 2317 est:
1138 2296 1236 2317 censa
1261 2290 1337 2317 sunt
1361 2286 1479 2317 civium

69 2339 175 2382 capita
206 2330 382 2371 CCE'XWI
412 2338 599 2391 ccxxxi.
650 2351 705 2372 res
731 2346 905 2383 praeterea
931 2342 1094 2374 adversus
1122 2341 1243 2375 Corsos
1274 2347 1308 2374 ct
1339 2342 1478 2381 Ligures

68 2394 230 2427 prospere
249 2389 363 2425 gestas
379 2389 537 2417 continet.
