1712 2825
429 238 671 272 PEffloanE
697 237 921 271 LIBRORUM
947 238 1182 271 cxncxnu.
1425 240 1506 280 309

104 351 200 384 spere
221 341 383 372 adversus
401 340 545 381 Varum,
569 339 839 382 Pompeianarum
857 339 1000 381 partium
1017 340 1148 379 ducem,
1173 345 1370 381 pugnasset,
1394 350 1412 372 a
1428 339 1505 372 luba

106 384 417 427 regeMauretaniae
435 396 507 417 eum
525 385 676 416 exerc-itu
693 395 809 416 caesus
828 389 890 416 est.
922 383 955 415 C.
971 384 1095 415 Caesar
1112 385 1143 415 in
1159 383 1336 416 Graeciam
1354 385 1500 417 traiecit.

320 465 384 497 EX
406 464 485 496 LlB.
504 464 577 496 CXI
595 463 669 506 QVI
685 464 766 495 EST
784 462 935 496 CIVILIS
953 462 1079 494 BELLI
1096 463 1291 497 TERTIVS.

195 519 238 551 M.
259 518 390 550 Caelius
408 517 511 550 Rufus
529 523 665 561 praetor
693 528 765 549 cum
789 518 970 549 seditiones
997 517 1028 548 in
1044 516 1127 548 urhe
1145 518 1328 550 concitaret
1347 528 1509 549 novarum

105 565 293 597 tabularum
316 574 372 606 spe
395 563 489 605 plebe
514 563 715 602 sollicitata,
740 563 899 604 abrogato
925 562 1125 602 magistratu
1148 563 1263 603 pulsus
1287 563 1368 594 urbe
1392 562 1509 594 Miloni

106 610 212 650 exuli,
236 609 292 652 qui
308 608 525 649 fugitivorum
544 609 729 640 exercitum
747 612 980 647 contraxerat,
1004 617 1039 638 se
1057 607 1242 638 coniunxit.
1275 613 1414 648 uterque
1437 618 1508 639 eum

104 655 228 687 bellum
244 654 459 693 molirentur,
483 652 653 685 interfecti
670 658 755 684 sunt.
791 653 967 694 Cleopatra
986 652 1099 693 regina
1118 651 1264 694 Aegypti
1282 662 1300 683 a
1319 651 1507 684 Ptolemaeo

104 698 211 732 fratre
229 710 330 740 regno
349 699 443 741 pulsa
462 704 523 730 est.
554 703 690 740 propte-r
708 698 745 739 Q.
766 698 859 729 Cassi
877 698 1046 739 praetoris
1064 697 1242 728 avaritiam
1261 697 1508 728 crudelitatem-

105 755 166 787 que
184 744 414 776 Cordubenses
431 744 464 775 in
481 744 637 786 Hispania
654 754 725 774 cum
743 744 867 775 duabus
882 742 1102 776 Varronianis
1119 742 1305 782 legionibus
1324 752 1342 772 a
1359 741 1508 783 partibus

106 789 261 822 Caesaris
291 789 515 821 desciverunt.
555 787 612 820 Cn.
638 788 810 829 Pompeius
833 789 873 819 ad
896 787 1119 831 Dyrrachium
1143 787 1299 818 obsessus
1323 797 1342 817 a
1366 786 1508 817 Caesare

106 839 156 875 et,
177 834 355 878 praesidiis
378 835 447 866 eius
472 844 543 865 cum
567 844 683 874 magna
702 833 794 864 clade
811 833 964 865 diversae
982 833 1085 874 partis
1105 832 1319 874 expugnatis,
1339 831 1508 863 obsidione

108 880 286 920 liberatus,
310 880 476 911 translato
500 879 532 910 in
551 878 758 910 Thessaliam
784 878 869 909 bello
895 878 978 920 apud
995 876 1201 909 Pharsaliam
1225 877 1295 908 acie
1319 877 1430 908 victus
1447 881 1509 908 est.
1534 908 1538 909 .

108 924 224 957 Cicero
244 925 277 956 in
295 925 415 956 castris
434 923 609 963 remansit,
633 924 688 955 vir
706 923 786 954 nihil
805 923 910 955 minus
929 933 1023 965 quam
1040 923 1079 953 ad
1097 922 1185 953 bella
1204 926 1311 952 natus.
1346 920 1512 952 omnibus-

106 980 167 1013 que
195 970 412 1001 adversarum
440 968 600 1012 partium,
630 969 684 1010 qui
707 979 742 1000 se
766 968 925 1010 potestati
949 967 1093 998 victoris
1116 966 1354 1009 permiserant,
1386 965 1510 997 Caesar

104 1015 245 1055 ignovit.

307 1094 366 1125 EX
392 1093 467 1125 LIB.
487 1092 574 1125 CXII
592 1092 664 1134 QVI
682 1092 762 1124 EST
780 1092 931 1125 CIVILIS
950 1091 1073 1123 BELLI
1091 1090 1306 1133 QVARTVS.

197 1148 389 1191 Trepidatio
421 1148 585 1179 victarum
614 1147 758 1189 partium
790 1147 821 1178 in
853 1146 1006 1178 diversas
1032 1146 1124 1177 orbis
1148 1150 1316 1177 terrarum
1340 1149 1450 1187 partes
1477 1148 1507 1175 et

107 1193 184 1236 fuga
201 1192 357 1226 refertur.
387 1192 444 1223 Cn.
459 1192 632 1234 Pompeius
651 1203 723 1223 cum
739 1192 922 1235 Aegyptum
943 1191 1092 1233 petisset,
1111 1191 1201 1221 iussu
1215 1189 1394 1222 Ptolemaei
1408 1189 1509 1229 regis.

106 1239 222 1282 pupilli
240 1239 310 1278 sui,
326 1243 462 1270 auctore
480 1237 653 1269 Theodoto
673 1242 906 1279 praeceptore,
925 1236 1018 1267 cuius
1036 1246 1151 1276 magna
1169 1241 1245 1277 aput
1265 1244 1375 1274 regem
1394 1238 1508 1264 aucto-

106 1285 190 1317 ritas
207 1289 291 1323 erat,
309 1288 341 1315 et
361 1282 498 1314 Pothino
519 1283 647 1313 occisus
666 1287 717 1314 est
735 1283 774 1313 ab
793 1282 936 1315 Aebilla.
955 1281 1007 1312 eui
1026 1281 1056 1311 id
1076 1280 1202 1311 facinus
1221 1285 1292 1311 erat
1310 1278 1507 1318 delegatum,

106 1330 138 1361 in
163 1329 334 1365 navicula,
358 1333 529 1369 antequam
556 1328 586 1358 in
610 1332 736 1359 terram
760 1328 879 1358 exiret.
915 1326 1068 1357 Cornelia
1087 1336 1173 1356 uxor
1189 1330 1220 1354 et
1240 1323 1315 1353 Sex.
1335 1321 1508 1363 Pompeius

108 1374 196 1406 filius
210 1374 343 1416 Cypron
363 1374 566 1414 refugerunt.
596 1372 721 1404 Caesar
739 1377 812 1414 post
826 1372 961 1403 tertium
975 1371 1058 1401 diem
1073 1371 1251 1405 insecutus,
1269 1377 1341 1397 cum
1356 1367 1385 1397 ei
1399 1366 1507 1397 Theo-

106 1420 205 1452 dotus
224 1424 319 1461 eaput
339 1418 469 1460 Pompei
487 1422 520 1449 ct
538 1418 668 1448 anulum
688 1418 880 1453 obtulisset.
901 1416 1047 1446 offensus
1065 1418 1116 1444 cst
1133 1416 1165 1442 et
1184 1411 1425 1450 inlacrimavit3
1449 1422 1508 1442 mee

107 1465 179 1497 sine
202 1464 350 1506 periculo
376 1463 613 1494 Alexandriam
639 1463 892 1494 tumultuantem
918 1459 1064 1491 inti-axit.
1100 1457 1224 1488 Caesar
1248 1457 1392 1487 dictator
1415 1466 1508 1487 erea-

108 1515 162 1542 tus
185 1510 396 1551 Cleopatram
426 1508 457 1539 in
488 1518 623 1548 reguum
649 1507 793 1550 Aegypti
818 1506 951 1538 reduxit
977 1509 1009 1534 et
1033 1500 1227 1533 inferentem
1251 1501 1373 1532 bellum
1396 1500 1509 1532 Ptole-

110 1565 235 1586 maeum
259 1555 361 1585 isdem
386 1553 594 1587 auctoribus,
619 1553 733 1594 quibus
753 1551 935 1592 Pompeium
962 1545 1193 1581 interfecerat,
1218 1557 1289 1576 eum
1314 1556 1429 1586 magno
1448 1557 1507 1577 suo

109 1599 299 1632 discrimine.
323 1599 412 1630 vicit.
449 1598 653 1629 Ptolemaeus
675 1598 749 1628 dum
774 1596 872 1635 fugit.
897 1595 926 1625 in
948 1590 1022 1623 Nilo
1049 1591 1199 1622 navicula
1218 1591 1378 1621 subsedit.
1414 1601 1509 1632 prac-

109 1649 203 1677 terea
226 1643 432 1676 laboriosum
451 1642 494 1675 M.
514 1643 649 1674 Catonis
675 1643 704 1674 iu
724 1641 835 1671 Africa
861 1648 918 1679 per
940 1637 1073 1668 deserta
1099 1646 1170 1665 eum
1189 1635 1374 1675 legionibus
1393 1635 1458 1666 iter
1475 1640 1508 1667 et

109 1690 231 1722 bellum
257 1701 273 1721 a
293 1689 349 1720 Cn.
371 1689 511 1720 Domitio
536 1688 697 1719 adversus
718 1686 876 1717 Phraaten
897 1692 1009 1724 parum
1029 1691 1185 1722 prospere
1204 1685 1331 1721 gestum
1350 1680 1509 1712 continet⁴

311 1770 372 1802 Ex
392 1768 468 1801 Lm.
489 1768 589 1799 (lxm
608 1766 680 1808 QVI
697 1763 777 1796 EST
796 1762 947 1795 (atthis
965 1759 1087 1792 1313le
1106 1759 1308 1802 Qx'lm't‘x‘s.

202 1824 414 1855 Confirmatis
440 1823 471 1854 iu
496 1821 607 1852 Africa
634 1817 837 1858 Pompeianis
862 1816 1027 1857 partibus.
1052 1814 1221 1855 imperium
1244 1824 1357 1844 earum
1384 1813 1415 1844 P.
1440 1814 1513 1844 Sci-

112 1869 200 1911 pioni
218 1869 360 1900 delatum
380 1874 431 1899 est
448 1869 588 1902 Catone,
613 1863 663 1893 eui
683 1872 721 1891 ex
741 1871 843 1901 aequo
862 1860 1075 1891 deferebatur
1094 1859 1280 1900 imperium.
1299 1859 1444 1889 cedente.
1480 1862 1512 1889 et

111 1924 182 1945 cum
201 1914 240 1945 dc
257 1913 415 1944 diruenda
435 1911 513 1942 urbe
529 1908 622 1941 Vtica
642 1911 775 1948 propter
795 1906 941 1936 favorem
961 1905 1109 1936 civitatis
1127 1904 1197 1934 eius
1218 1904 1247 1933 iu
1262 1904 1438 1933 Caesarem
1456 1903 1512 1933 de-

111 1958 329 1994 liberaretur,
354 1958 446 1999 idque
467 1964 503 1985 ue
523 1954 632 1984 lieret.
659 1950 700 1981 Μ.
720 1951 801 1981 Cato
821 1950 999 1981 tenuisset..
1020 1949 1093 1979 iuba
1114 1949 1290 1980 suadente.
1310 1952 1342 1978 ut
1361 1947 1511 1978 diruere-

110 2008 185 2040 tur,
202 2003 308 2035 tutela
326 2003 394 2033 eius
411 2005 442 2031 et
461 1997 608 2029 custmlia
628 1997 777 2027 mandata
797 2000 844 2026 est
866 1994 993 2025 Catoni.
1029 1995 1086 2025 (Iu.
1108 1993 1278 2034 Pompeius
1298 1991 1404 2032 Magni
1425 1991 1512 2022 lilius

112 2049 145 2081 iu
163 2048 316 2091 Hispania
335 2044 515 2077 contractis
535 2054 546 2074 x
559 2042 678 2078 iribus,
703 2052 838 2082 quarum
857 2041 1010 2070 duratum
1031 2050 1087 2070 uec
1108 2038 1263 2069 Afranius
1283 2048 1340 2068 nee
1359 2036 1512 2067 Petreius

112 2094 266 2136 excipere
289 2092 459 2123 volebant.
485 2088 605 2119 bellum
630 2087 792 2117 adversus
817 2086 991 2116 Caesarem
1017 2083 1202 2115 renovavit.
1239 2082 1422 2113 leruaccs
1451 2081 1512 2112 Mi-

112 2138 267 2170 thridatis
292 2136 394 2173 filins,
419 2145 477 2166 rex
498 2132 611 2169 Ponti,
635 2132 705 2162 sine
730 2131 796 2161 ulla
817 2130 894 2161 belli
913 2140 1001 2160 mora
1022 2129 1130 2160 victus
1148 2133 1208 2159 est.
1244 2138 1314 2158 eum
1334 2126 1512 2157 seditiones

114 2182 235 2214 Romae
259 2191 276 2212 a
297 2180 329 2211 P.
348 2179 520 2211 Dolabella
544 2178 676 2209 tribuno
702 2176 804 2218 plebis
831 2176 933 2215 legem
953 2174 1080 2205 ferente
1103 2174 1142 2205 de.
1162 2173 1256 2204 novis
1274 2172 1394 2203 tabulis
1420 2169 1513 2201 exei-

114 2231 203 2259 tatas·
227 2229 354 2263 esseut,
379 2229 408 2255 et
435 2235 473 2255 ex
500 2234 537 2254 ca
563 2233 661 2253 eausa
686 2221 776 2262 plebs
802 2221 1078 2255 minotio:u·‹=un·,
1104 2218 1244 2249 induetis
1269 2228 1285 2247 a
1308 2215 1348 2246 Μ.
1368 2214 1510 2245 Antonio

114 2271 273 2311 magistro
297 2269 441 2310 equitum
467 2269 497 2299 in
523 2268 635 2298 urbem
660 2266 819 2297 militibus
845 2265 1024 2305 octingenti
1050 2275 1066 2294 c
1093 2264 1186 2304 plebe
1205 2261 1291 2292 eaesi
1309 2264 1395 2290 sunt.
1431 2259 1512 2289 Cae-

114 2327 170 2348 sar
189 2314 357 2347 veteranis
375 2324 445 2344 eum
465 2312 625 2343 seditione.
644 2311 832 2341 missionem
853 2309 1098 2351 postulantibus
1116 2307 1215 2338 dedit.
1234 2311 1262 2335 et
1285 2315 1355 2334 eum
1376 2304 1406 2334 iu
1426 2303 1514 2334 Afri-

115 2371 184 2393 cam
199 2359 398 2392 traiecisset.
412 2358 572 2389 adversus
587 2355 697 2396 copias
713 2354 808 2385 lubae
825 2355 912 2394 regis
927 2365 996 2385 eum
1012 2353 1201 2384 discrimine
1217 2361 1330 2389 magno
1347 2348 1513 2390 puguavit.

320 2439 375 2470 EX
403 2437 477 2468 Lm.
497 2435 611 2467 (lxliii
631 2434 700 2476 Qvi
723 2434 801 2465 1⁴:8¹1*
820 2434 969 2466 (llx'ttds
989 2430 1109 2463 metm
1129 2429 1311 2461 SI-LX't'x's.

208 2493 332 2524 Bellum
359 2492 388 2522 iu
414 2491 510 2533 Syria
530 2489 692 2520 Caecilius
711 2489 830 2519 Bassus
854 2498 952 2529 eques
971 2487 1135 2517 lloumuus
1155 2483 1421 2524 Pouqieiaimrum
1440 2490 1513 2522 par-

117 2539 196 2570 tium
222 2537 388 2569 excitavit
414 2536 529 2567 relicto
548 2546 564 2565 a
585 2534 714 2573 legione
733 2533 808 2564 Sex.
827 2534 986 2563 Caesare.
1012 2540 1092 2570 qum·
1111 2529 1148 2558 ad
1170 2529 1303 2558 Bassum
1322 2525 1515 2557 transierat.

117 2583 291 2624 occisoque
321 2593 371 2612 eo.
413 2582 535 2611 Cacsar
559 2579 741 2620 Scipionem
774 2583 961 2619 praetorem
987 2575 1157 2614 iubamque
1183 2572 1260 2603 vicit
1288 2572 1326 2602 ad
1350 2569 1514 2611 Thapsum

117 2628 237 2660 castris
261 2638 373 2658 eorum
399 2624 606 2666 expugnatis
648 2624 728 2653 Cato
753 2623 861 2653 audita
889 2633 923 2652 re
948 2631 1017 2649 rum
1046 2629 1079 2648 se
1105 2617 1321 2658 percussisset
1344 2615 1460 2645 Vticae
1483 2617 1512 2643 et
