1712 2825
124 1138 164 1171 15
195 1128 351 1178 segnior
371 1141 480 1167 mors
504 1128 649 1168 iuvat.“

204 180 281 218 116

627 176 755 210 LIBER
779 177 930 210 XXXX.
976 178 1068 211 CAP.
1096 178 1128 211 4.
1148 178 1180 212 5.

1450 195 1476 213 a.
1498 195 1526 214 u.
1547 188 1608 215 572.

127 286 168 319 10
198 292 334 331 magna
351 279 582 319 caerimonia
599 279 808 331 quotannis
824 279 981 320 faciunt.
1022 280 1073 320 ibi
1091 280 1151 320 die
1167 293 1237 333 per
1254 281 1462 320 sollemnes
1478 280 1610 333 epulas

198 342 434 388 consumpto
451 349 586 376 navem
604 341 875 389 praeparatam
891 349 910 376 a
923 337 1066 376 Poride
1081 337 1220 389 sopitis
1238 337 1420 377 omnibus
1439 337 1486 376 de
1500 337 1610 378 tertia

196 393 320 443 vigilia
351 393 620 432 conscendunt
653 398 851 444 tamquam
884 393 1046 433 redituri
1077 394 1140 444 [in]
1173 394 1510 440 Thessalonicam;
1540 394 1610 433 sed

127 457 164 489 11
194 449 356 488 traicere
376 451 417 489 in
433 450 630 489 Euboeam
652 454 733 488 erat
748 450 1010 501 propositum.
1048 455 1219 490 ceterum
1237 451 1276 489 in
1293 451 1498 490 adversum
1514 462 1609 490 ven-

195 512 278 545 tum
299 506 533 558 nequiquam
557 519 624 545 eos
644 507 850 545 tendentes
871 518 995 558 prope
1015 512 1159 546 terram
1179 508 1242 547 lux
1265 507 1472 559 obpressit,
1494 511 1532 546 et
1545 519 1610 546 re-

195 562 264 612 gii,
291 562 354 613 qui
382 568 586 615 praeerant
606 563 803 602 custodiae
824 569 983 614 portus,
1011 563 1182 603 lembum
1204 569 1395 603 armatum
1416 563 1462 603 ad
1484 567 1609 603 retra-

193 618 361 658 hendam
388 632 471 658 eam
492 620 618 658 navim
639 619 831 659 miserunt
851 631 938 659 cum
961 620 1063 671 gravi
1085 620 1229 667 edicto,
1258 632 1308 659 ne
1327 624 1610 660 reverterentur

127 685 168 718 12
198 676 281 714 sine
297 688 351 715 ea.
389 688 477 716 cum
494 676 569 715 iam
587 676 966 728 adpropinquabant,
982 677 1095 716 Poris
1113 677 1268 728 quidem
1284 677 1330 716 ad
1347 676 1610 716 hortationem

193 732 385 783 remigum
406 738 687 784 nautarumque
707 733 878 773 intentus
900 738 996 781 erat3
1019 734 1212 773 interdum
1235 745 1374 773 manus
1396 733 1442 772 ad
1460 733 1609 773 caelum

125 796 165 829 13
193 789 356 828 tendens
379 789 472 828 deos
486 821 494 836 ‚
523 794 566 828 ut
586 789 731 828 ferrent
752 802 865 841 opem
879 821 887 836 ‚
910 791 1054 830 orabat.
1094 791 1204 830 ferox
1220 790 1374 830 interim
1394 789 1539 829 femina
1559 789 1607 829 ad

194 845 315 885 multo
333 852 420 885 ante
438 846 741 897 praecogitatum
758 847 930 886 revoluta
945 847 1093 886 facinus
1111 859 1304 886 venenum
1318 846 1427 886 diluit
1438 846 1608 885 ferrum-

194 915 270 953 que
280 903 426 953 promit
438 908 475 942 et
485 902 615 954 posito
628 903 668 942 in
680 909 892 955 conspectu
906 904 1048 955 poculo
1062 904 1283 955 strictisque
1295 903 1428 955 gladiis
1442 908 1608 950 ‚‚mors“

123 967 166 1000 14
195 959 320 1010 inquit
342 971 455 1005 „una
483 959 648 998 vindicta
678 964 747 999 est.
789 959 869 999 viae
890 960 936 1000 ad
958 965 1124 1000 mortem
1145 961 1215 1000 hae
1235 965 1344 1009 sunt3
1373 972 1446 1011 qua
1469 971 1607 1010 quem-

193 1028 267 1066 que
287 1016 439 1055 animus
461 1016 552 1061 fert,
582 1016 735 1067 effugite
756 1017 977 1068 superbiam
999 1017 1157 1068 regiam.
1199 1018 1313 1067 agite,
1335 1017 1494 1055 iuvenes
1516 1015 1604 1062 mei,

194 1072 375 1123 primum,
397 1073 462 1123 qui
483 1073 650 1111 maiores
673 1072 778 1119 estis,
802 1073 924 1124 capite
944 1073 1090 1112 ferrum
1114 1079 1180 1112 aut
1195 1073 1344 1112 haurite
1359 1072 1555 1124 poculum,
1572 1073 1606 1111 si

692 1134 728 1168 et
743 1129 876 1168 hostes
894 1129 1053 1169 aderant
1068 1135 1105 1168 et
1120 1135 1254 1169 auctor
1270 1130 1410 1168 mortis
1427 1128 1605 1168 instabat.

193 1185 252 1224 alii
280 1185 353 1224 alio
385 1185 459 1224 leto
489 1185 685 1237 absumpti
712 1185 960 1225 semianimes
990 1199 1009 1224 e
1039 1197 1133 1225 nave
1162 1185 1476 1237 praecipitantur.
1523 1184 1607 1236 ipsa

195 1241 333 1280 deinde
351 1241 472 1280 virum
491 1242 674 1281 comitem
692 1242 829 1281 mortis
848 1243 1049 1294 complexa
1064 1242 1103 1281 in
1121 1255 1226 1282 mare
1238 1255 1324 1281 sese
1336 1241 1481 1281 deiecit.
1512 1253 1608 1280 nave

195 1311 310 1338 vacua
332 1297 503 1336 dominis
524 1298 617 1348 regii
639 1298 752 1349 potiti
773 1304 876 1338 sunt.

308 1354 432 1393 Huius
462 1355 643 1394 atrocitas
671 1354 855 1394 facinoris
883 1367 1022 1394 novam
1045 1355 1145 1394 velut
1165 1356 1360 1395 flammam
1383 1353 1484 1405 regis
1506 1353 1606 1393 invi-

194 1445 488 1477 οἷΛίνειᾶται
522 1443 589 1478 σὺν
618 1440 742 1481 ἄλλοις
770 1447 860 1478 πολ-

194 1491 272 1526 λοῖς
298 1490 348 1526 εἰς
371 1487 436 1530 τὴν
460 1487 673 1523 νεόκτιστον
695 1488 860 1534 μετῴκη-

193 1544 281 1572 σανς
301 1536 377 1567 dass
397 1536 505 1567 dieses
524 1536 610 1567 nicht
635 1546 718 1575 ganz
742 1546 778 1567 so
802 1547 860 1576 ge-

193 1581 303 1621 schah,
334 1581 423 1621 zeigt
451 1581 509 1612 das
534 1580 776 1612 Fortbestehen
803 1582 862 1613 der

193 1625 291 1657 stadt
323 1627 403 1657 nach
437 1626 498 1657 den
532 1636 606 1666 ang.
638 1626 768 1658 Stellen
801 1637 860 1658 aus

193 1671 278 1710 Liv„
313 1671 379 1711 vgl.
410 1669 431 1712 ξ
465 1671 523 1710 11;
556 1671 686 1703 Aeneas
717 1671 779 1703 soll
810 1672 860 1703 die

193 1716 291 1747 Stadt
319 1716 378 1747 auf
404 1717 463 1747 der
494 1716 522 1756 1,
556 1716 583 1756 l,
613 1716 633 1747 4
669 1717 862 1748 erwiihnten

193 1761 297 1793 Fabrt
315 1762 501 1801 gegriindet
524 1761 645 1800 haben,
671 1772 697 1793 s.
720 1762 862 1794 Clausen

192 1808 325 1838 Aeneas
344 1806 428 1845 3433
454 1806 648 1847 Schwegler
668 1807 695 1847 1,
722 1807 799 1839 301.
818 1826 863 1830 —

192 1851 518 1894 stat.sacr3f.,39,
546 1853 603 1892 13,
627 1851 665 1890 ὃς
690 1853 727 1893 5,
753 1852 806 1891 46,
832 1851 860 1884 2.

192 1915 237 1919 —
255 1908 328 1929 cum
346 1908 390 1928 m.
405 1907 506 1937 caetu,
524 1902 624 1928 unter
636 1897 746 1929 vielen
762 1895 862 1929 seier-

192 1942 298 1972 lichen
331 1941 558 1983 Gebr'aucben,
588 1942 639 1973 die
668 1942 727 1973 mit
756 1943 861 1973 einem

197 1986 409 2028 Opl'ermahle
428 1986 618 2025 (sollemnes
640 1986 766 2029 epulas)
785 1997 861 2018 ver-

196 2031 324 2062 bunden
356 2041 478 2062 waren.
502 2049 545 2054 —
573 2031 613 2062 de
636 2034 712 2063 tert.
739 2042 776 2072 zu,
808 2031 861 2072 34,

194 2076 255 2115 ⁴51,
288 2077 346 2113 14;
377 2076 436 2116 2³³3,
463 2077 492 2115 7,
523 2075 553 2108 3.
577 2093 620 2099 —
650 2078 681 2107 in
711 2075 862 2108 Thessal.

194 2122 297 2152 hohen
313 2122 364 2152 die
379 2121 466 2161 llss.,
484 2121 564 2152 doch
581 2121 670 2152 wiirc
685 2122 736 2152 die
752 2121 861 2164 Prap„

193 2177 288 2197 wcnn
313 2167 381 2198 sich
404 2167 486 2197 auch
511 2166 562 2197 bei
590 2166 725 2197 l’lautus
750 2168 861 2199 Achn—

193 2211 296 2243 licbes
331 2211 447 2250 findet,
483 2221 566 2250 ganz
600 2212 859 2253 ungewolsnlicli,

192 2257 258 2297 vgl.
290 2256 341 2296 42,
366 2256 418 2295 215
443 2257 474 2296 7,
505 2257 625 2287 nnders
651 2257 689 2287 ist
718 2258 746 2294 S,
776 2258 804 2298 1,
825 2257 859 2289 2:

192 2312 244 2346 pr
238 2302 368 2342 resectus
413 2301 459 2332 ad
499 2301 704 2333 Prii-eruum
744 2313 774 2333 ιι.
818 2303 861 2343 ii„

192 2347 388 2378 scliwerlich
407 2346 451 2378 ist
473 2345 710 2378 Thessalorum
728 2347 777 2378 als
793 2348 860 2379 Ad-

188 2393 294 2433 jer-[iv
320 2402 360 2423 zu
385 2393 518 2423 nebmen
545 2392 622 2422 nach
652 2392 741 2423 lland
760 2392 859 2425 Turs.

197 2438 232 2478 3,
259 2437 341 2475 .1()0;
368 2437 447 2468 eber
471 2436 560 2468 viell.
585 2437 662 2468 ande
690 2437 860 2476 lessal.;

194 2482 276 2513 iiber
294 2482 345 2513 die
366 2482 462 2514 Form
481 2492 506 2514 s.
527 2481 579 2522 39,
598 2482 651 2522 27,
674 2482 700 2513 1.

244 2528 309 2558 11„
323 2527 371 2558 15.
399 2529 431 2559 in
450 2526 524 2559 adv.
549 2538 588 2566 ι·.,
609 2527 680 2558 dein
701 2528 860 2566 widrigen

194 2571 317 2603 winde
335 2577 513 2613 entgvgen,
537 2583 563 2603 s.
583 2571 704 2604 Lucan.
724 2572 755 2613 G,
779 2573 860 2604 472:

191 2618 224 2648 in
239 2620 373 2649 rentum
387 2621 541 2650 tumuere
554 2636 573 2640 -
587 2619 692 2650 n'uus.
710 2636 748 2641 ——
762 2628 862 2661 prac-

934 1456 1001 1485 e7·.,
1026 1456 1052 1478 c.
1074 1449 1179 1490 port,
1205 1447 1265 1478 der
1282 1443 1385 1478 Hafen
1409 1455 1474 1477 von
1491 1444 1607 1477 Aenea

936 1492 980 1523 ist
1008 1491 1079 1523 also
1110 1493 1191 1522 noch
1218 1492 1333 1524 immer
1355 1491 1507 1531 besucbt‚
1537 1490 1606 1532 vgl.

934 1547 975 1568 zu
1008 1536 1066 1574 45,
1095 1536 1154 1578 30,
1180 1537 1211 1568 4.
1236 1555 1280 1560 -
1304 1535 1497 1569 retrahend.
1525 1536 1606 1568 nach

935 1581 1132 1613 Perizonius
1193 1586 1277 1614 statt
1329 1580 1608 1625 pertrahendum,

934 1627 1078 1658 welches
1115 1636 1155 1658 un
1193 1638 1224 1659 u.
1256 1627 1322 1668 St.,
1362 1636 1413 1658 wo
1446 1626 1499 1657 ein
1533 1625 1608 1658 Ziel

936 1673 1026 1704 nicht
1043 1671 1238 1704 bezeiclinet
1254 1673 1310 1713 ist,
1328 1671 1395 1712 vgl.
1415 1671 1446 1709 7,
1464 1669 1517 1709 39,
1547 1670 1606 1710 143

936 1717 989 1755 30,
1013 1716 1063 1757 12,
1083 1717 1113 1756 2,
1132 1718 1221 1749 nicht
1234 1717 1376 1760 passend
1390 1717 1493 1755 w'zire,
1508 1726 1534 1748 s.
1550 1715 1605 1757 40,

937 1762 989 1802 58,
1023 1762 1060 1801 83
1096 1762 1148 1804 29,
1182 1762 1235 1803 33,
1266 1762 1296 1794 3.
1330 1781 1376 1785 —
1404 1762 1516 1804 gravi,
1547 1761 1606 1793 das

936 1808 1086 1839 schwere
1104 1806 1216 1839 Strafe
1242 1808 1370 1840 drohte.
1389 1825 1433 1830 —
1455 1805 1502 1839 ad
1516 1825 1537 1830 -
1553 1808 1606 1839 in-

937 1855 1031 1893 ient„
1050 1863 1077 1884 c.
1096 1852 1125 1894 5,
1145 1852 1182 1890 23
1202 1852 1254 1893 37,
1273 1852 1325 1891 31,
1343 1853 1375 1883 4.
1393 1850 1497 1883 —ad
1510 1862 1556 1883 m.
1573 1861 1605 1883 α.

936 1896 1332 1974 ἔίέἵῖᾈέἕὲὶέῖἷᾈὲἓύῗ
1342 1898 1606 1974 ἀρ’ἕῗωὲ-θὲῗ

1375 1966 1382 1974 ·
1430 1962 1461 1982 ¹2
1517 1965 1526 1981 9
1598 1966 1606 1983 ²

936 1987 964 2027 3,
979 1986 1010 2018 8.
1026 2005 1068 2010 —
1082 1987 1195 2027 revol„
1210 1987 1240 2026 4,
1258 1987 1308 2027 12,
1326 1987 1377 2019 10.
1388 2005 1430 2010 —
1445 1986 1606 2027 vindicta,

937 2043 963 2063 s.
983 2032 1037 2072 34,
1057 2032 1109 2071 49,
1130 2032 1168 2070 3;
1187 2032 1241 2072 24,
1260 2032 1311 2074 37,
1333 2032 1384 2064 10.
1401 2050 1445 2056 -
1462 2034 1536 2065 viae
1551 2031 1606 2074 ad,

937 2088 964 2108 c.
993 2076 1107 2117 13,1;
1133 2077 1192 2118 31,
1221 2078 1278 2118 18,
1304 2078 1336 2109 7.
1361 2097 1404 2101 —
1429 2088 1494 2120 qua
1517 2089 1546 2121 q.
1573 2088 1605 2110 n.

936 2124 990 2154 ι’ία
1012 2124 1168 2165 qll'ugere
1191 2124 1402 2166 superbiam,
1434 2123 1517 2154 oder
1540 2133 1606 2166 qua

937 2168 998 2199 ist:
1034 2168 1107 2208 wie,
1141 2167 1199 2199 aul*
1228 2168 1351 2200 welche
1382 2166 1510 2209 Weise,
1536 2167 1604 2210 vgl.

935 2213 1018 2244 auch
1041 2213 1067 2250 1,
1089 2213 1139 2254 27,
1158 2214 1189 2245 (ἰ.
1208 2232 1250 2236 -
1268 2216 1335 2255 aut,
1356 2213 1438 2245 oder
1453 2213 1547 2254 auch,
1572 2215 1606 2246 ot
1655 2228 1657 2230 ·
1675 2247 1691 2262 a

936 2277 955 2280 —
975 2261 1017 2296 et,
1052 2259 1145 2290 einer
1167 2278 1185 2281 —
1209 2258 1454 2298 nnderersests,
1486 2258 1604 2291 Beides

936 2303 1097 2343 zugleicli,
1123 2304 1192 2344 vgl.
1211 2304 1240 2342 S,
1261 2303 1314 2344 33,
1335 2304 1371 2335 5:
1396 2305 1518 2348 etipse
1540 2303 1604 2336 ad-

934 2351 1019 2381 erat.
1049 2367 1091 2372 -—
1113 2351 1241 2381 auctor.
1267 2349 1318 2381 die
1346 2348 1444 2381 Form
1466 2351 1604 2382 auctrix

936 2394 1037 2425 lindet
1055 2394 1123 2426 sich
1148 2394 1198 2426 bei
1217 2394 1374 2426 besseren
1394 2392 1604 2427 Sem-instel-

935 2439 1006 2470 lein
1034 2439 1133 2471 nicht.
1178 2439 1232 2471 Bel
1257 2438 1371 2482 Polyb.
1397 2438 1441 2470 ist
1467 2439 1519 2471 die
1544 2439 1606 2472 ΕΙ·-

938 2494 966 2514 z:
960 2484 1081 2523 iblnng
1099 2485 1163 2516 wol
1181 2483 1399 2525 nusgefnllen

981 2524 1023 2559 5-
1047 2525 1113 2570 15,
1139 2529 1170 2561 3.
1196 2528 1429 2561 Verbiiltnisse
1452 2539 1502 2562 am
1521 2529 1604 2563 nore

937 2573 1092 2615 Philipps.
1129 2574 1244 2617 Polyb.
1265 2574 1318 2615 24,
1337 2573 1375 2613 83
1394 2574 1454 2606 8⁰.

986 2618 1070 2649 1-2.
1099 2619 1248 2660 reymest„
1269 2619 1322 2659 37,
1341 2597 1395 2661 31,
1413 2621 1433 2653 9
1452 2630 1482 2652 ιι.
1501 2628 1529 2652 a.
1559 2637 1603 2644 -—
