1712 2825
376 199 620 232 PERIOCHAE
645 199 868 233 LIBRORUM
893 200 1026 234 XLVII.
1053 200 1202 235 XLVIII.
1411 204 1496 244 289

83 301 117 333 in
136 301 295 343 Hispania
312 311 330 332 a
348 301 562 344 conpluribus
583 312 698 344 parum
721 312 880 344 prospere
903 307 1015 343 gestas
1040 303 1200 335 continet.
1235 305 1388 337 consules
1411 315 1496 337 anno

83 347 344 389 quingentesimo
360 347 571 387 nonagesimo
587 351 704 378 octavo
721 347 760 378 ab
775 347 856 378 urbe
872 348 1002 378 condita
1027 349 1260 388 magistratum
1280 350 1352 381 Hal.
1372 351 1496 383 Ianua-

83 393 147 424 m'is
165 392 250 424 inire
268 397 458 434 coeperunt.
493 392 641 423 mutandi
660 392 796 424 comitia
813 402 911 424 causa
932 391 1006 432 fuit,
1023 394 1106 434 quod
1121 394 1260 436 Hispani
1276 395 1494 427 rebellabant.

81 436 186 478 legati
203 438 243 469 ad
260 437 506 479 disceptandum
526 437 613 469 inter
631 437 922 479 Carthaginienses
940 442 973 469 et
986 437 1197 470 Masinissam
1211 440 1303 471 missi
1318 441 1495 473 nuntiave-

81 487 170 522 runt,
188 483 256 515 vim
273 482 400 514 navalis
419 483 581 514 materiae
604 493 638 514 se
657 482 858 523 Carthagine
874 483 1139 524 deprehendisse.
1175 484 1301 527 aliquot
1320 491 1492 528 praetores

81 537 99 558 a
117 527 302 569 provinciis
320 528 484 559 avaritiae
503 528 630 559 nomine
648 529 795 559 accusati
812 528 958 560 damnati
974 533 1063 560 sunt.

626 607 688 639 EX
705 607 782 639 Llss.
799 606 947 640 XLVIII.

170 660 329 692 Lustrum
366 671 384 691 a
423 660 616 691 censoribus
653 661 819 692 eonditum
858 666 926 699 est3
974 671 1072 693 censa
1113 667 1190 693 sunt
1229 663 1350 694 civium
1384 665 1493 706 capita

80 717 298 749 CCCXXlIil.
332 717 455 748 semina
478 716 571 747 tertii
596 716 677 747 belli
695 716 809 747 Punici
827 716 1029 748 referuntur.
1063 728 1135 749 eum
1158 718 1191 749 in
1215 718 1335 750 finibus
1354 720 1494 751 Cartha-

79 762 277 803 giniensium
294 763 409 803 ingens
423 761 637 792 Numidarum
655 762 822 793 exercitus
840 763 921 793 duce
939 761 1176 794 Arcobarzane
1194 763 1357 807 Syphacis
1377 770 1494 806 nepote

77 807 248 840 diceretur
266 817 350 846 esse,
370 806 412 838 M.
431 806 567 837 Porcius
587 806 667 837 Cato
685 807 803 843 suasit,
821 811 856 838 ut
874 806 1219 848 Carthaginiensibus,
1238 809 1292 851 qui
1309 810 1496 841 exercitum

78 853 187 896 speeie
205 857 323 884 eontra
341 851 568 890 Masinissam,
593 861 628 882 re
647 856 762 883 contra
780 850 942 883 Romanos
966 852 1109 884 accitum
1134 853 1166 884 in
1185 854 1304 885 finibus
1322 854 1493 895 haberent,

77 898 199 929 bellum
223 897 439 929 indiceretur.
471 896 721 928 contradicente
741 896 775 927 P.
796 896 953 928 Cornelio
972 897 1096 929 Nasica
1113 898 1238 941 placuit
1257 899 1386 939 legatos
1405 899 1494 932 mitti

77 942 320 984 Carthaginem,
340 941 393 983 qui
411 941 674 984 specularentur,
702 942 777 983 quid
795 947 962 983 ageretur.
997 943 1161 982 castigato
1180 949 1297 975 senatu
1316 943 1493 986 Carthagi-

77 987 256 1027 niensium,
281 987 365 1029 quod
389 992 505 1018 contra
529 985 642 1018 foedus
667 992 701 1018 ct
724 988 907 1018 exercitum
931 992 963 1018 et
988 988 1123 1019 navales
1147 989 1304 1020 materias
1322 989 1492 1030 haberent,

76 1043 188 1076 pacem
206 1033 294 1064 inter
311 1043 367 1064 eos
386 1037 418 1063 et
436 1031 649 1063 Masinissam
668 1032 778 1063 facere
797 1032 985 1064 voluerunt.
1004 1032 1184 1065 Masinissa
1201 1044 1293 1075 agro,
1312 1034 1352 1066 de
1369 1046 1431 1077 quo
1450 1035 1491 1067 lis

75 1082 160 1117 erat,
178 1078 325 1114 cedente,
345 1077 401 1109 sed
420 1075 524 1117 Gisgo
544 1076 742 1109 Hamilcaris
763 1077 866 1117 lilius,
885 1078 980 1108 homo
1000 1078 1196 1115 seditiosus,
1215 1079 1268 1121 qui
1285 1084 1354 1110 tum
1373 1081 1405 1111 in
1423 1090 1492 1111 ma-

75 1123 221 1164 gistratu
239 1128 328 1162 erat,
353 1133 425 1153 cum
444 1126 577 1153 senatus
597 1123 781 1164 pariturum
800 1132 835 1153 se.
853 1123 975 1154 iudicio
994 1123 1114 1164 legatis
1133 1124 1294 1163 dixisset,
1314 1125 1359 1156 ita
1380 1125 1492 1157 conci-

74 1168 162 1200 tavit
175 1168 337 1211 populum
356 1168 477 1199 bellum
500 1168 661 1199 adversus
681 1168 844 1199 Romanos
869 1168 1052 1207 suadendo,
1078 1173 1112 1200 ut
1130 1169 1276 1209 legatos,
1302 1180 1365 1211 quo
1384 1170 1490 1202 minus

74 1213 298 1254 violarentur,
317 1212 392 1253 fuga
411 1213 622 1255 explicuerit.
664 1213 695 1244 id
717 1214 905 1244 nuntiantes
925 1213 1080 1245 infestum
1100 1214 1163 1245 iam
1181 1220 1331 1246 senatum
1350 1215 1491 1247 Cartha—

72 1258 282 1299 giniensibus
307 1258 513 1289 infestiorem
537 1257 697 1290 secerunt.
733 1258 776 1289 M.
796 1258 935 1289 Porcius
964 1259 1044 1290 Cato
1069 1258 1165 1290 funus
1191 1260 1251 1291 lilii
1277 1260 1307 1291 in
1333 1265 1490 1302 praetura

72 1304 196 1335 mortui
220 1303 434 1343 tenuissimo,
460 1308 491 1334 nt
512 1303 615 1344 potuit
635 1323 678 1326 -—
697 1314 767 1335 nam
786 1309 819 1335 et
838 1314 961 1345 pauper
978 1308 1050 1335 erat
1068 1323 1128 1344 Q,
1148 1309 1277 1347 sumptu
1296 1304 1385 1336 fecit.
1419 1304 1488 1337 An-

73 1349 220 1389 driscus,
241 1349 295 1391 qui
313 1359 348 1379 se
368 1348 480 1379 Persei
498 1349 615 1389 lilium,
635 1349 723 1389 regis
742 1350 903 1391 quondam
922 1348 1146 1389 Macedoniae,
1166 1350 1291 1390 ingenti
1308 1351 1489 1382 adsevera—

71 1393 164 1425 tione
183 1394 398 1431 mentiretur,
421 1393 554 1424 Romam
574 1395 706 1425 missus.
742 1394 785 1425 M.
806 1394 969 1425 Aemilius
989 1393 1148 1435 Lepidus,
1168 1395 1244 1436 [qui]
1262 1395 1416 1437 princeps
1436 1406 1490 1427 se—

72 1443 170 1470 natus
184 1439 285 1470 sextis
303 1439 365 1469 iam
381 1439 574 1470 censoribus
590 1440 705 1475 lectus,
720 1443 893 1481 autequam
906 1439 1088 1481 expiraret,
1107 1440 1276 1482 praecepit
1290 1440 1382 1479 liliis,
1401 1441 1488 1472 lecto

71 1494 108 1516 se
122 1489 229 1516 strato
245 1484 339 1524 [sine]
354 1484 476 1524 linteis,
495 1484 566 1515 sine
581 1495 725 1526 purpura
741 1484 910 1525 elferrcnt,
930 1484 961 1515 in
977 1485 1113 1516 relicum
1131 1484 1227 1516 funus
1247 1495 1285 1517 ne
1304 1486 1376 1527 plus
1394 1495 1489 1528 quam

74 1529 164 1561 aeris
192 1529 323 1561 deciens
353 1534 598 1560 consumerent:
637 1530 812 1570 imaginum
843 1530 969 1571 specie,
1001 1541 1062 1561 non
1102 1531 1286 1572 sumptibus
1318 1531 1489 1562 nobilitari

74 1584 265 1615 magnorum
284 1575 431 1606 virorum
450 1574 565 1606 funcra
583 1575 703 1606 solere.
739 1575 778 1606 ‹le
797 1575 966 1606 veneficiis
984 1575 1179 1617 quaesitum.
1214 1575 1360 1606 l‘nblicia
1382 1581 1413 1607 et
1433 1575 1488 1607 Li-

75 1619 179 1659 cinia,
198 1619 327 1651 nobiles
345 1619 499 1659 feminac,
521 1630 602 1661 quae
621 1621 714 1651 viros
733 1631 811 1651 suos
830 1620 1022 1651 consulares
1043 1630 1178 1651 necasse
1197 1620 1487 1659 insimulabantur,

73 1665 205 1705 cognita
222 1675 338 1704 causa,
357 1676 429 1696 cum
449 1666 595 1707 praetori
614 1665 775 1707 [praedes]
795 1666 895 1697 vades
914 1665 1099 1706 dedissent,
1119 1671 1333 1705 cognatorum
1352 1667 1487 1697 decreto

74 1714 209 1742 necatae
227 1715 313 1741 sunt.
348 1709 492 1741 Gulussa
512 1710 709 1741 Masinissae
728 1711 812 1741 lilius
833 1711 1010 1751 nuntiavit,
1036 1710 1238 1749 Cartbagine
1262 1711 1404 1743 dilectus
1422 1711 1488 1753 agi,

72 1754 213 1786 classem
238 1756 413 1797 conparari
435 1761 469 1787 ct
492 1756 574 1786 baud
600 1756 698 1787 dubie
722 1756 844 1787 bellum
869 1756 964 1786 strui.
999 1766 1070 1786 cum
1090 1756 1170 1786 (lato
1189 1757 1362 1794 suaderet,
1387 1761 1422 1788 ut
1441 1757 1488 1787 eis

74 1799 195 1832 bellum
214 1800 429 1841 indiceretur,
448 1800 479 1831 Ι).
500 1801 656 1832 Cornelio
678 1801 796 1832 Nasica
813 1801 942 1832 dicente
961 1801 1039 1831 nihil
1059 1805 1184 1831 temere
1205 1800 1402 1835 l'aciundum,
1421 1801 1490 1843 pla-

75 1845 144 1876 cuit
162 1845 193 1877 X
215 1846 342 1885 legatos
361 1845 446 1877 mitti
466 1846 685 1887 exploratum.
720 1845 754 1876 L.
776 1846 921 1877 Licinius
942 1845 1111 1878 Lucullus.
1137 1846 1168 1876 -Χ,
1190 1845 1376 1877 Postumius
1397 1846 1489 1877 Albi-

75 1901 135 1921 nus
154 1891 306 1921 consules
331 1901 402 1921 cum
426 1891 582 1921 dilectum
606 1902 723 1922 severe
746 1896 880 1930 agerent
908 1902 965 1921 nee
990 1901 1180 1932 qiu-mquam
1205 1891 1315 1931 gratia
1340 1891 1488 1923 dimitte—

75 1940 167 1975 rent,
197 1936 236 1966 ab
261 1936 402 1967 tribunis
433 1936 552 1977 plebis,
584 1937 636 1977 qni
664 1948 720 1978 pro
747 1936 861 1966 amicis
892 1936 960 1966 suis
992 1936 1196 1966 iacatioiwm
1223 1937 1399 1978 impetrare
1425 1947 1487 1967 nou

73 1985 245 2022 poterant,
269 1981 300 2011 in
325 1991 492 2012 carcerem
518 1981 658 2013 coniecti
683 1986 770 2012 sunt.
816 1992 887 2011 cum
908 1981 1122 2022 Hispaniense
1142 1982 1260 2012 bellum
1281 1991 1392 2023 parum
1412 1992 1488 2023 pro-

74 2035 170 2067 spere.
187 2026 387 2068 aliquotiens
406 2032 533 2066 gestum
560 2027 604 2057 ita
629 2026 832 2058 conl'mlissct
850 2027 1020 2057 cixitatcm
1041 2026 1215 2057 Romanam
1228 2051 1234 2060 .
1262 2031 1292 2057 ut
1314 2036 1352 2057 ne
1370 2026 1399 2057 ei
1418 2027 1488 2069 qui-

73 2071 144 2102 dem
164 2071 408 2108 invenirentur,
433 2072 485 2114 qui
505 2077 561 2103 aut
578 2072 780 2103 tribunatum
801 2073 990 2113 exciperent
1018 2077 1074 2103 aut
1100 2072 1198 2111 legati
1219 2072 1267 2102 ire
1287 2071 1406 2102 §client
1421 2096 1427 2105 ,
1454 2071 1485 2102 l'.

74 2116 249 2147 Cornelius
267 2116 472 2147 Aemilianus
497 2117 657 2158 processit
684 2122 712 2148 ct
741 2122 955 2158 excepturum
975 2128 1010 2147 se
1030 2117 1165 2148 militiae
1179 2127 1293 2156 genus,
1311 2117 1487 2158 quodcum-

74 2171 136 2203 que
156 2161 349 2202 imperatum
368 2167 475 2197 essct,
503 2160 672 2203 professus
697 2168 765 2203 cst;
795 2173 857 2204 qno
882 2163 1030 2204 exemplo
1050 2172 1161 2192 omncs
1180 2162 1218 2192 ad
1238 2161 1382 2192 studium
1404 2162 1490 2192 mili-

72 2205 165 2237 tandi
184 2206 376 2236 concitavit.
413 2206 571 2238 Lucullus
590 2209 723 2245 consul,
741 2219 812 2239 cum
832 2208 988 2238 Claudius
1010 2207 1187 2238 Marcellus
1206 2209 1263 2237 cm'
1277 2210 1488 2237 successerat.

72 2261 209 2293 pacasse
234 2262 345 2282 omncs
358 2251 557 2282 Celtiberiae
571 2254 708 2293 populos
723 2253 904 2286 videretur.
924 2253 1091 2285 vacem-os
1105 2256 1134 2282 ct
1152 2251 1335 2281 Cantabros
1355 2256 1385 2282 et
1405 2251 1488 2282 alias

73 2296 262 2336 incognitas
286 2297 390 2326 adbuc
413 2301 528 2335 genu-s·
554 2297 583 2327 iu
604 2298 756 2339 llispauia
784 2298 926 2337 subegit.
968 2298 1009 2328 ibi
1032 2297 1063 2327 Ι).
1084 2296 1259 2327 Cornelius
1284 2294 1485 2336 Ml'ricanns]

73 2340 184 2383 Scipio
205 2341 427 2377 Aemilianus,
456 2341 489 2372 L.
510 2342 666 2381 [Corne-ti}
688 2342 778 2373 l’auli
799 2343 903 2377 lilius,
925 2342 1070 2373 Africani
1092 2352 1206 2382 nepos,
1226 2340 1281 2370 scd
1300 2340 1487 2381 adoptivus,

71 2391 326 2428 provo‹·.·itorcin
354 2386 527 2417 barbarum
552 2387 702 2417 tribunus
728 2388 864 2418 militnm
884 2388 1000 2418 occidit
1021 2392 1053 2417 ct
1073 2387 1102 2416 iu
1121 2385 1364 2426 expugnatione
1382 2384 1488 2417 luter-

74 2431 182 2462 catiae
200 2431 294 2462 urbis
315 2431 417 2462 ininius
431 2432 606 2462 ctiamnum
627 2433 806 2473 periculum
824 2432 922 2463 adiit:
943 2443 1012 2462 nam
1030 2441 1153 2461 murum
1175 2430 1296 2471 primns
1315 2435 1488 2462 transcen-

73 2475 132 2507 «tit.
173 2475 310 2506 Servius
335 2477 498 2518 Sulpicius
522 2475 626 2507 (tnttm
653 2483 786 2519 praetor
813 2477 895 2507 male
925 2478 1087 2507 adici-sus
1111 2474 1287 2505 Lusitanos
1319 2476 1485 2516 pugnavit.

73 2531 146 2552 cum
167 2521 267 2560 legati
287 2532 325 2551 cx
348 2520 458 2552 Africa
479 2532 548 2551 cum
569 2522 758 2552 oratoribus
777 2521 1095 2560 (Inrtbaginicnsium
1115 2525 1144 2550 ct
1166 2518 1308 2550 (tutnssa
1331 2519 1486 2551 Masinis-

73 2575 130 2597 sae
149 2566 214 2596 lilio
243 2566 404 2597 redissent
429 2566 640 2607 dicerentque
658 2571 685 2596 et
707 2567 888 2597 exercitum
908 2577 942 2594 sc
956 2571 984 2595 ct
1004 2566 1142 2595 classem
1158 2565 1357 2602 (tan-umginc
1371 2565 1487 2606 ‹lepre-

76 2609 244 2651 hendisse,
270 2611 443 2652 perrogari
467 2611 649 2642 sententias
675 2611 807 2653 placuit.
841 2612 964 2641 (laimu-
982 2615 1014 2641 ct.
1033 2609 1108 2641 aliis
1129 2609 1332 2652 principibus
1353 2614 1487 2641 senatus

148 2677 200 2701 ‘rit
230 2677 295 2701 niv.
321 2677 353 2701 x.
1183 2677 1222 2708 1¹.)
