<?xml version="1.0" encoding="UTF-8"?>
<!DOCTYPE html PUBLIC "-//W3C//DTD XHTML 1.0 Transitional//EN"
    "http://www.w3.org/TR/xhtml1/DTD/xhtml1-transitional.dtd">
<html xmlns="http://www.w3.org/1999/xhtml" xml:lang="en" lang="en">
 <head>
  <title>
</title>
<meta http-equiv="Content-Type" content="text/html;charset=utf-8" />
  <meta name='ocr-system' content='tesseract 3.04.00' />
  <meta name='ocr-capabilities' content='ocr_page ocr_carea ocr_par ocr_line ocrx_word'/>
</head>
<body>
  <div class='ocr_page' id='page_1' title='image "./aburbeconditali09livy_0769.png"; bbox 0 0 1712 2825; ppageno 0'>
   <div class='ocr_carea' id='block_1_1' title="bbox 412 221 1494 265">
    <p class='ocr_par' dir='ltr' id='par_1_1' title="bbox 412 221 1494 265">
     <span class='ocr_line' id='line_1_1' title="bbox 412 221 1494 265; baseline 0.006 -11"><span class='ocrx_word' id='word_1_1' title='bbox 412 221 657 255; x_wconf 86' lang='lat' dir='ltr'><strong>PERIOCHAE</strong></span> <span class='ocrx_word' id='word_1_2' title='bbox 681 222 905 256; x_wconf 82' lang='lat' dir='ltr'><strong>LIBRORUM</strong></span> <span class='ocrx_word' id='word_1_3' title='bbox 929 224 1152 258; x_wconf 84' lang='lat' dir='ltr'><strong>LVIII—LX.</strong></span> <span class='ocrx_word' id='word_1_4' title='bbox 1410 226 1494 265; x_wconf 86' lang='lat'><strong>295</strong></span> 
     </span>
    </p>
   </div>
   <div class='ocr_carea' id='block_1_2' title="bbox 82 324 1501 816">
    <p class='ocr_par' dir='ltr' id='par_1_2' title="bbox 82 324 1501 816">
     <span class='ocr_line' id='line_1_2' title="bbox 84 324 1499 369; baseline 0 -11"><span class='ocrx_word' id='word_1_5' title='bbox 84 324 180 358; x_wconf 88' lang='lat' dir='ltr'><strong>randi</strong></span> <span class='ocrx_word' id='word_1_6' title='bbox 195 324 414 364; x_wconf 77' lang='lat' dir='ltr'><strong>incitaverat,</strong></span> <span class='ocrx_word' id='word_1_7' title='bbox 437 324 542 365; x_wconf 86' lang='lat' dir='ltr'><strong>legem</strong></span> <span class='ocrx_word' id='word_1_8' title='bbox 561 335 596 356; x_wconf 88' lang='lat' dir='ltr'><strong>se</strong></span> <span class='ocrx_word' id='word_1_9' title='bbox 613 324 898 367; x_wconf 73' lang='lat' dir='ltr'><strong>promulgaturum</strong></span> <span class='ocrx_word' id='word_1_10' title='bbox 916 326 1077 365; x_wconf 84' lang='lat' dir='ltr'>ostendit,</span> <span class='ocrx_word' id='word_1_11' title='bbox 1095 331 1132 358; x_wconf 85' lang='lat' dir='ltr'><strong>ut</strong></span> <span class='ocrx_word' id='word_1_12' title='bbox 1151 327 1215 366; x_wconf 91' lang='lat' dir='ltr'><strong>eis,</strong></span> <span class='ocrx_word' id='word_1_13' title='bbox 1234 327 1288 369; x_wconf 88' lang='lat' dir='ltr'><strong>qui</strong></span> <span class='ocrx_word' id='word_1_14' title='bbox 1307 326 1499 369; x_wconf 89' lang='lat' dir='ltr'><strong>Sempronia</strong></span> 
     </span>
     <span class='ocr_line' id='line_1_3' title="bbox 85 369 1499 412; baseline 0.001 -10"><span class='ocrx_word' id='word_1_15' title='bbox 85 371 159 411; x_wconf 82' lang='lat' dir='ltr'><strong>lege</strong></span> <span class='ocrx_word' id='word_1_16' title='bbox 175 380 290 411; x_wconf 86' lang='lat' dir='ltr'><strong>agrum</strong></span> <span class='ocrx_word' id='word_1_17' title='bbox 308 369 459 411; x_wconf 89' lang='lat' dir='ltr'><strong>accipere</strong></span> <span class='ocrx_word' id='word_1_18' title='bbox 476 369 651 410; x_wconf 88' lang='lat' dir='ltr'><strong>deberent,</strong></span> <span class='ocrx_word' id='word_1_19' title='bbox 668 369 825 412; x_wconf 89' lang='lat' dir='ltr'><strong>pecunia,</strong></span> <span class='ocrx_word' id='word_1_20' title='bbox 844 380 926 412; x_wconf 89' lang='lat' dir='ltr'><strong>quae</strong></span> <span class='ocrx_word' id='word_1_21' title='bbox 945 371 1034 411; x_wconf 85' lang='lat' dir='ltr'><strong>regis</strong></span> <span class='ocrx_word' id='word_1_22' title='bbox 1051 370 1159 402; x_wconf 80' lang='lat' dir='ltr'><strong>Attali</strong></span> <span class='ocrx_word' id='word_1_23' title='bbox 1176 371 1313 412; x_wconf 85' lang='lat' dir='ltr'><strong>fuisset,</strong></span> <span class='ocrx_word' id='word_1_24' title='bbox 1332 372 1499 404; x_wconf 89' lang='lat' dir='ltr'><strong>dividere-</strong></span> 
     </span>
     <span class='ocr_line' id='line_1_4' title="bbox 83 414 1500 458; baseline 0.001 -11"><span class='ocrx_word' id='word_1_25' title='bbox 83 419 151 447; x_wconf 86' lang='lat' dir='ltr'><strong>tur.</strong></span> <span class='ocrx_word' id='word_1_26' title='bbox 191 415 344 446; x_wconf 87' lang='lat' dir='ltr'><strong>heredem</strong></span> <span class='ocrx_word' id='word_1_27' title='bbox 375 419 484 446; x_wconf 88' lang='lat' dir='ltr'><strong>autem</strong></span> <span class='ocrx_word' id='word_1_28' title='bbox 508 415 661 456; x_wconf 88' lang='lat' dir='ltr'><strong>populum</strong></span> <span class='ocrx_word' id='word_1_29' title='bbox 678 414 857 446; x_wconf 89' lang='lat' dir='ltr'><strong>Romanum</strong></span> <span class='ocrx_word' id='word_1_30' title='bbox 880 415 1063 457; x_wconf 83' lang='lat' dir='ltr'><strong>reliquerat</strong></span> <span class='ocrx_word' id='word_1_31' title='bbox 1087 416 1221 448; x_wconf 80' lang='lat' dir='ltr'><strong>Attalus</strong></span> <span class='ocrx_word' id='word_1_32' title='bbox 1252 427 1312 448; x_wconf 89' lang='lat' dir='ltr'><strong>rex</strong></span> <span class='ocrx_word' id='word_1_33' title='bbox 1335 417 1500 458; x_wconf 80' lang='lat' dir='ltr'><strong>Pergami,</strong></span> 
     </span>
     <span class='ocr_line' id='line_1_5' title="bbox 83 459 1499 502; baseline 0.001 -10"><span class='ocrx_word' id='word_1_34' title='bbox 83 460 240 492; x_wconf 87' lang='lat' dir='ltr'><strong>Eumenis</strong></span> <span class='ocrx_word' id='word_1_35' title='bbox 264 459 363 491; x_wconf 79' lang='lat' dir='ltr'><strong>iilius.</strong></span> <span class='ocrx_word' id='word_1_36' title='bbox 396 464 447 490; x_wconf 89' lang='lat' dir='ltr'><strong>tot</strong></span> <span class='ocrx_word' id='word_1_37' title='bbox 470 459 721 501; x_wconf 85' lang='lat' dir='ltr'><strong>indignitatibus</strong></span> <span class='ocrx_word' id='word_1_38' title='bbox 745 465 926 492; x_wconf 87' lang='lat' dir='ltr'><strong>commotus</strong></span> <span class='ocrx_word' id='word_1_39' title='bbox 944 461 1097 502; x_wconf 84' lang='lat' dir='ltr'><strong>graviter</strong></span> <span class='ocrx_word' id='word_1_40' title='bbox 1121 466 1273 501; x_wconf 84' lang='lat' dir='ltr'><strong>senatus,</strong></span> <span class='ocrx_word' id='word_1_41' title='bbox 1291 467 1368 493; x_wconf 87' lang='lat' dir='ltr'><strong>ante</strong></span> <span class='ocrx_word' id='word_1_42' title='bbox 1387 472 1499 494; x_wconf 89' lang='lat' dir='ltr'><strong>omnes</strong></span> 
     </span>
     <span class='ocr_line' id='line_1_6' title="bbox 84 504 1499 549; baseline 0.001 -12"><span class='ocrx_word' id='word_1_43' title='bbox 84 504 124 537; x_wconf 91' lang='lat' dir='ltr'><strong>T.</strong></span> <span class='ocrx_word' id='word_1_44' title='bbox 142 504 270 536; x_wconf 89' lang='lat' dir='ltr'><strong>Annius</strong></span> <span class='ocrx_word' id='word_1_45' title='bbox 290 505 494 544; x_wconf 88' lang='lat' dir='ltr'><strong>consularis,</strong></span> <span class='ocrx_word' id='word_1_46' title='bbox 518 505 588 546; x_wconf 85' lang='lat' dir='ltr'><strong>qui,</strong></span> <span class='ocrx_word' id='word_1_47' title='bbox 608 516 685 537; x_wconf 79' lang='lat' dir='ltr'><strong>eum</strong></span> <span class='ocrx_word' id='word_1_48' title='bbox 713 505 745 536; x_wconf 92' lang='lat' dir='ltr'><strong>in</strong></span> <span class='ocrx_word' id='word_1_49' title='bbox 768 510 885 537; x_wconf 90' lang='lat' dir='ltr'><strong>senatu</strong></span> <span class='ocrx_word' id='word_1_50' title='bbox 903 505 936 537; x_wconf 90' lang='lat' dir='ltr'><strong>in</strong></span> <span class='ocrx_word' id='word_1_51' title='bbox 951 504 1135 537; x_wconf 85' lang='lat' dir='ltr'><strong>Gracchum</strong></span> <span class='ocrx_word' id='word_1_52' title='bbox 1155 512 1364 547; x_wconf 81' lang='lat' dir='ltr'><strong>perorasset,</strong></span> <span class='ocrx_word' id='word_1_53' title='bbox 1383 512 1499 549; x_wconf 89' lang='lat' dir='ltr'><strong>raptus</strong></span> 
     </span>
     <span class='ocr_line' id='line_1_7' title="bbox 84 550 1499 593; baseline 0.001 -11"><span class='ocrx_word' id='word_1_54' title='bbox 84 550 125 582; x_wconf 86' lang='lat' dir='ltr'><strong>ab</strong></span> <span class='ocrx_word' id='word_1_55' title='bbox 142 560 181 582; x_wconf 91' lang='lat' dir='ltr'><strong>eo</strong></span> <span class='ocrx_word' id='word_1_56' title='bbox 198 550 238 582; x_wconf 87' lang='lat' dir='ltr'><strong>ad</strong></span> <span class='ocrx_word' id='word_1_57' title='bbox 256 550 409 592; x_wconf 90' lang='lat' dir='ltr'><strong>populum</strong></span> <span class='ocrx_word' id='word_1_58' title='bbox 427 550 622 592; x_wconf 87' lang='lat' dir='ltr'><strong>delatusque</strong></span> <span class='ocrx_word' id='word_1_59' title='bbox 640 550 743 592; x_wconf 90' lang='lat' dir='ltr'><strong>plebi,</strong></span> <span class='ocrx_word' id='word_1_60' title='bbox 768 561 885 582; x_wconf 91' lang='lat' dir='ltr'><strong>rursus</strong></span> <span class='ocrx_word' id='word_1_61' title='bbox 909 551 942 581; x_wconf 90' lang='lat' dir='ltr'><strong>in</strong></span> <span class='ocrx_word' id='word_1_62' title='bbox 965 561 1037 582; x_wconf 89' lang='lat' dir='ltr'><strong>eum</strong></span> <span class='ocrx_word' id='word_1_63' title='bbox 1060 561 1120 593; x_wconf 91' lang='lat' dir='ltr'><strong>pro</strong></span> <span class='ocrx_word' id='word_1_64' title='bbox 1145 552 1269 583; x_wconf 89' lang='lat' dir='ltr'><strong>rostris</strong></span> <span class='ocrx_word' id='word_1_65' title='bbox 1288 552 1499 584; x_wconf 90' lang='lat' dir='ltr'><strong>contionatus</strong></span> 
     </span>
     <span class='ocr_line' id='line_1_8' title="bbox 84 594 1501 637; baseline 0.001 -10"><span class='ocrx_word' id='word_1_66' title='bbox 84 599 146 628; x_wconf 87' lang='lat' dir='ltr'><strong>est.</strong></span> <span class='ocrx_word' id='word_1_67' title='bbox 182 605 253 626; x_wconf 89' lang='lat' dir='ltr'><strong>cum</strong></span> <span class='ocrx_word' id='word_1_68' title='bbox 271 595 391 627; x_wconf 88' lang='lat' dir='ltr'><strong>iterum</strong></span> <span class='ocrx_word' id='word_1_69' title='bbox 409 595 554 627; x_wconf 86' lang='lat' dir='ltr'><strong>tribunis</strong></span> <span class='ocrx_word' id='word_1_70' title='bbox 571 596 676 637; x_wconf 89' lang='lat' dir='ltr'><strong>plebis</strong></span> <span class='ocrx_word' id='word_1_71' title='bbox 694 596 804 627; x_wconf 90' lang='lat' dir='ltr'><strong>creari</strong></span> <span class='ocrx_word' id='word_1_72' title='bbox 828 596 933 627; x_wconf 83' lang='lat' dir='ltr'><strong>vellet</strong></span> <span class='ocrx_word' id='word_1_73' title='bbox 951 594 1140 635; x_wconf 87' lang='lat' dir='ltr'><strong>Gracchus,</strong></span> <span class='ocrx_word' id='word_1_74' title='bbox 1164 601 1301 627; x_wconf 87' lang='lat' dir='ltr'><strong>auctore</strong></span> <span class='ocrx_word' id='word_1_75' title='bbox 1320 596 1354 628; x_wconf 91' lang='lat' dir='ltr'><strong>P.</strong></span> <span class='ocrx_word' id='word_1_76' title='bbox 1375 596 1501 629; x_wconf 89' lang='lat' dir='ltr'><strong>Corne-</strong></span> 
     </span>
     <span class='ocr_line' id='line_1_9' title="bbox 83 639 1499 683; baseline 0.002 -12"><span class='ocrx_word' id='word_1_77' title='bbox 83 640 130 672; x_wconf 90' lang='lat' dir='ltr'><strong>lio</strong></span> <span class='ocrx_word' id='word_1_78' title='bbox 147 639 271 672; x_wconf 87' lang='lat' dir='ltr'><strong>Nasica</strong></span> <span class='ocrx_word' id='word_1_79' title='bbox 287 640 320 671; x_wconf 90' lang='lat' dir='ltr'><strong>in</strong></span> <span class='ocrx_word' id='word_1_80' title='bbox 339 639 502 682; x_wconf 89' lang='lat' dir='ltr'><strong>Capitolio</strong></span> <span class='ocrx_word' id='word_1_81' title='bbox 521 641 561 672; x_wconf 90' lang='lat' dir='ltr'><strong>ab</strong></span> <span class='ocrx_word' id='word_1_82' title='bbox 579 641 791 683; x_wconf 87' lang='lat' dir='ltr'><strong>optimatibus</strong></span> <span class='ocrx_word' id='word_1_83' title='bbox 811 641 940 673; x_wconf 92' lang='lat' dir='ltr'><strong>occisus</strong></span> <span class='ocrx_word' id='word_1_84' title='bbox 959 646 1026 683; x_wconf 84' lang='lat' dir='ltr'><strong>est,</strong></span> <span class='ocrx_word' id='word_1_85' title='bbox 1043 641 1130 673; x_wconf 88' lang='lat' dir='ltr'><strong>ictus</strong></span> <span class='ocrx_word' id='word_1_86' title='bbox 1148 641 1287 683; x_wconf 88' lang='lat' dir='ltr'><strong>primum</strong></span> <span class='ocrx_word' id='word_1_87' title='bbox 1306 640 1499 682; x_wconf 85' lang='lat' dir='ltr'><strong>fragmentis</strong></span> 
     </span>
     <span class='ocr_line' id='line_1_10' title="bbox 84 685 1499 728; baseline 0.001 -11"><span class='ocrx_word' id='word_1_88' title='bbox 84 685 247 725; x_wconf 85' lang='lat' dir='ltr'><strong>subsellii,</strong></span> <span class='ocrx_word' id='word_1_89' title='bbox 265 690 298 716; x_wconf 92' lang='lat' dir='ltr'><strong>et</strong></span> <span class='ocrx_word' id='word_1_90' title='bbox 314 685 402 717; x_wconf 87' lang='lat' dir='ltr'><strong>inter</strong></span> <span class='ocrx_word' id='word_1_91' title='bbox 419 685 515 724; x_wconf 83' lang='lat' dir='ltr'><strong>alios,</strong></span> <span class='ocrx_word' id='word_1_92' title='bbox 534 686 587 727; x_wconf 91' lang='lat' dir='ltr'><strong>qui</strong></span> <span class='ocrx_word' id='word_1_93' title='bbox 605 687 637 717; x_wconf 92' lang='lat' dir='ltr'><strong>in</strong></span> <span class='ocrx_word' id='word_1_94' title='bbox 655 687 765 717; x_wconf 84' lang='lat' dir='ltr'><strong>eadem</strong></span> <span class='ocrx_word' id='word_1_95' title='bbox 781 687 942 718; x_wconf 82' lang='lat' dir='ltr'><strong>seditione</strong></span> <span class='ocrx_word' id='word_1_96' title='bbox 957 686 1058 718; x_wconf 90' lang='lat' dir='ltr'><strong>occisi</strong></span> <span class='ocrx_word' id='word_1_97' title='bbox 1071 691 1176 725; x_wconf 78' lang='lat' dir='ltr'><strong>crant,</strong></span> <span class='ocrx_word' id='word_1_98' title='bbox 1195 686 1379 728; x_wconf 87' lang='lat' dir='ltr'><strong>insepultus</strong></span> <span class='ocrx_word' id='word_1_99' title='bbox 1394 687 1425 718; x_wconf 93' lang='lat' dir='ltr'><strong>in</strong></span> <span class='ocrx_word' id='word_1_100' title='bbox 1439 689 1499 719; x_wconf 87' lang='lat' dir='ltr'><strong>flu-</strong></span> 
     </span>
     <span class='ocr_line' id='line_1_11' title="bbox 82 730 1499 773; baseline 0 -10"><span class='ocrx_word' id='word_1_101' title='bbox 82 741 157 763; x_wconf 89' lang='lat' dir='ltr'><strong>men</strong></span> <span class='ocrx_word' id='word_1_102' title='bbox 184 730 364 772; x_wconf 76' lang='lat' dir='ltr'><strong>proiectus,</strong></span> <span class='ocrx_word' id='word_1_103' title='bbox 409 740 462 762; x_wconf 87' lang='lat' dir='ltr'><strong>res</strong></span> <span class='ocrx_word' id='word_1_104' title='bbox 487 736 664 773; x_wconf 85' lang='lat' dir='ltr'><strong>praeterea</strong></span> <span class='ocrx_word' id='word_1_105' title='bbox 693 732 725 762; x_wconf 90' lang='lat' dir='ltr'><strong>in</strong></span> <span class='ocrx_word' id='word_1_106' title='bbox 750 731 862 763; x_wconf 87' lang='lat' dir='ltr'><strong>Sicilia</strong></span> <span class='ocrx_word' id='word_1_107' title='bbox 887 732 981 763; x_wconf 83' lang='lat' dir='ltr'><strong>vario</strong></span> <span class='ocrx_word' id='word_1_108' title='bbox 1007 737 1129 764; x_wconf 85' lang='lat' dir='ltr'><strong>eventu</strong></span> <span class='ocrx_word' id='word_1_109' title='bbox 1152 731 1315 763; x_wconf 80' lang='lat' dir='ltr'><strong>adversus</strong></span> <span class='ocrx_word' id='word_1_110' title='bbox 1339 730 1499 773; x_wconf 84' lang='lat' dir='ltr'><strong>fugitivos</strong></span> 
     </span>
     <span class='ocr_line' id='line_1_12' title="bbox 83 776 373 816; baseline -0.003 -8"><span class='ocrx_word' id='word_1_111' title='bbox 83 781 196 816; x_wconf 86' lang='lat' dir='ltr'><strong>gestas</strong></span> <span class='ocrx_word' id='word_1_112' title='bbox 215 776 373 808; x_wconf 87' lang='lat' dir='ltr'><strong>continet.</strong></span> 
     </span>
    </p>
   </div>
   <div class='ocr_carea' id='block_1_3' title="bbox 642 842 943 875">
    <p class='ocr_par' dir='ltr' id='par_1_3' title="bbox 642 842 943 875">
     <span class='ocr_line' id='line_1_13' title="bbox 642 842 943 875; baseline 0 -1"><span class='ocrx_word' id='word_1_113' title='bbox 642 843 703 874; x_wconf 88' lang='lat' dir='ltr'><strong>EX</strong></span> <span class='ocrx_word' id='word_1_114' title='bbox 720 842 796 874; x_wconf 86' lang='lat' dir='ltr'><strong>LIB.</strong></span> <span class='ocrx_word' id='word_1_115' title='bbox 816 842 943 875; x_wconf 83' lang='lat' dir='ltr'><strong>LVIIII.</strong></span> 
     </span>
    </p>
   </div>
   <div class='ocr_carea' id='block_1_4' title="bbox 82 895 1502 1301">
    <p class='ocr_par' dir='ltr' id='par_1_4' title="bbox 82 895 1502 1301">
     <span class='ocr_line' id='line_1_14' title="bbox 174 895 1497 939; baseline 0 -11"><span class='ocrx_word' id='word_1_116' title='bbox 174 896 366 929; x_wconf 87' lang='lat' dir='ltr'><strong>Numantini</strong></span> <span class='ocrx_word' id='word_1_117' title='bbox 395 895 479 928; x_wconf 87' lang='lat' dir='ltr'><strong>fame</strong></span> <span class='ocrx_word' id='word_1_118' title='bbox 509 896 618 928; x_wconf 89' lang='lat' dir='ltr'><strong>coacti</strong></span> <span class='ocrx_word' id='word_1_119' title='bbox 647 897 710 939; x_wconf 89' lang='lat' dir='ltr'><strong>ipsi</strong></span> <span class='ocrx_word' id='word_1_120' title='bbox 734 907 769 928; x_wconf 89' lang='lat' dir='ltr'><strong>se</strong></span> <span class='ocrx_word' id='word_1_121' title='bbox 791 907 851 939; x_wconf 86' lang='lat' dir='ltr'><strong>per</strong></span> <span class='ocrx_word' id='word_1_122' title='bbox 880 897 985 929; x_wconf 78' lang='lat' dir='ltr'><strong>vicem</strong></span> <span class='ocrx_word' id='word_1_123' title='bbox 1009 897 1202 938; x_wconf 89' lang='lat' dir='ltr'><strong>[tradentes]</strong></span> <span class='ocrx_word' id='word_1_124' title='bbox 1228 897 1497 938; x_wconf 89' lang='lat' dir='ltr'><strong>trucidaverunt,</strong></span> 
     </span>
     <span class='ocr_line' id='line_1_15' title="bbox 86 940 1498 985; baseline 0 -11"><span class='ocrx_word' id='word_1_125' title='bbox 86 947 213 985; x_wconf 86' lang='lat' dir='ltr'><strong>captam</strong></span> <span class='ocrx_word' id='word_1_126' title='bbox 231 942 344 974; x_wconf 90' lang='lat' dir='ltr'><strong>urbem</strong></span> <span class='ocrx_word' id='word_1_127' title='bbox 363 941 472 984; x_wconf 85' lang='lat' dir='ltr'><strong>Scipio</strong></span> <span class='ocrx_word' id='word_1_128' title='bbox 487 940 666 973; x_wconf 87' lang='lat' dir='ltr'><strong>Africanus</strong></span> <span class='ocrx_word' id='word_1_129' title='bbox 685 942 810 974; x_wconf 74' lang='lat' dir='ltr'><strong>delevit</strong></span> <span class='ocrx_word' id='word_1_130' title='bbox 827 947 859 973; x_wconf 92' lang='lat' dir='ltr'><strong>et</strong></span> <span class='ocrx_word' id='word_1_131' title='bbox 877 943 916 973; x_wconf 91' lang='lat' dir='ltr'><strong>de</strong></span> <span class='ocrx_word' id='word_1_132' title='bbox 934 952 973 973; x_wconf 87' lang='lat' dir='ltr'><strong>ea</strong></span> <span class='ocrx_word' id='word_1_133' title='bbox 997 942 1217 984; x_wconf 82' lang='lat' dir='ltr'><strong>triumphavit</strong></span> <span class='ocrx_word' id='word_1_134' title='bbox 1235 947 1353 984; x_wconf 89' lang='lat' dir='ltr'><strong>quarto</strong></span> <span class='ocrx_word' id='word_1_135' title='bbox 1373 942 1498 974; x_wconf 88' lang='lat' dir='ltr'><strong>decimo</strong></span> 
     </span>
     <span class='ocr_line' id='line_1_16' title="bbox 85 986 1500 1029; baseline -0.001 -10"><span class='ocrx_word' id='word_1_136' title='bbox 85 998 170 1020; x_wconf 85' lang='lat' dir='ltr'><strong>anno</strong></span> <span class='ocrx_word' id='word_1_137' title='bbox 187 992 264 1029; x_wconf 92' lang='lat' dir='ltr'><strong>post</strong></span> <span class='ocrx_word' id='word_1_138' title='bbox 282 987 512 1029; x_wconf 82' lang='lat' dir='ltr'><strong>Carthaginem</strong></span> <span class='ocrx_word' id='word_1_139' title='bbox 530 987 682 1018; x_wconf 91' lang='lat' dir='ltr'><strong>deletam.</strong></span> <span class='ocrx_word' id='word_1_140' title='bbox 716 987 750 1018; x_wconf 89' lang='lat' dir='ltr'><strong>P.</strong></span> <span class='ocrx_word' id='word_1_141' title='bbox 770 987 921 1029; x_wconf 87' lang='lat' dir='ltr'><strong>Rupilius</strong></span> <span class='ocrx_word' id='word_1_142' title='bbox 940 987 1056 1018; x_wconf 89' lang='lat' dir='ltr'><strong>consul</strong></span> <span class='ocrx_word' id='word_1_143' title='bbox 1074 987 1106 1018; x_wconf 90' lang='lat' dir='ltr'><strong>in</strong></span> <span class='ocrx_word' id='word_1_144' title='bbox 1124 987 1240 1019; x_wconf 85' lang='lat' dir='ltr'><strong>Sicilia</strong></span> <span class='ocrx_word' id='word_1_145' title='bbox 1258 998 1331 1018; x_wconf 90' lang='lat' dir='ltr'><strong>cum</strong></span> <span class='ocrx_word' id='word_1_146' title='bbox 1348 986 1500 1028; x_wconf 86' lang='lat' dir='ltr'><strong>fugitivis</strong></span> 
     </span>
     <span class='ocr_line' id='line_1_17' title="bbox 85 1032 1502 1075; baseline -0.001 -10"><span class='ocrx_word' id='word_1_147' title='bbox 85 1033 278 1065; x_wconf 83' lang='lat' dir='ltr'><strong>debellavit.</strong></span> <span class='ocrx_word' id='word_1_148' title='bbox 313 1032 536 1071; x_wconf 81' lang='lat' dir='ltr'><strong>Aristonicus,</strong></span> <span class='ocrx_word' id='word_1_149' title='bbox 555 1032 711 1063; x_wconf 89' lang='lat' dir='ltr'><strong>Eumenis</strong></span> <span class='ocrx_word' id='word_1_150' title='bbox 736 1032 824 1073; x_wconf 85' lang='lat' dir='ltr'><strong>regis</strong></span> <span class='ocrx_word' id='word_1_151' title='bbox 843 1032 948 1071; x_wconf 86' lang='lat' dir='ltr'><strong>filius,</strong></span> <span class='ocrx_word' id='word_1_152' title='bbox 967 1032 1078 1064; x_wconf 85' lang='lat' dir='ltr'><strong>Asiam</strong></span> <span class='ocrx_word' id='word_1_153' title='bbox 1097 1032 1282 1075; x_wconf 79' lang='lat' dir='ltr'><strong>occupavit,</strong></span> <span class='ocrx_word' id='word_1_154' title='bbox 1306 1043 1378 1064; x_wconf 91' lang='lat' dir='ltr'><strong>cum</strong></span> <span class='ocrx_word' id='word_1_155' title='bbox 1395 1037 1502 1064; x_wconf 85' lang='lat' dir='ltr'><strong>testa-</strong></span> 
     </span>
     <span class='ocr_line' id='line_1_18' title="bbox 84 1077 1500 1119; baseline -0.001 -9"><span class='ocrx_word' id='word_1_156' title='bbox 84 1083 194 1110; x_wconf 86' lang='lat' dir='ltr'><strong>mento</strong></span> <span class='ocrx_word' id='word_1_157' title='bbox 218 1077 328 1110; x_wconf 82' lang='lat' dir='ltr'><strong>Attali</strong></span> <span class='ocrx_word' id='word_1_158' title='bbox 351 1077 441 1118; x_wconf 90' lang='lat' dir='ltr'><strong>regis</strong></span> <span class='ocrx_word' id='word_1_159' title='bbox 464 1077 575 1118; x_wconf 87' lang='lat' dir='ltr'><strong>legata</strong></span> <span class='ocrx_word' id='word_1_160' title='bbox 599 1077 719 1119; x_wconf 91' lang='lat' dir='ltr'><strong>populo</strong></span> <span class='ocrx_word' id='word_1_161' title='bbox 743 1077 890 1109; x_wconf 89' lang='lat' dir='ltr'><strong>Romano</strong></span> <span class='ocrx_word' id='word_1_162' title='bbox 914 1077 1021 1109; x_wconf 88' lang='lat' dir='ltr'><strong>libera</strong></span> <span class='ocrx_word' id='word_1_163' title='bbox 1045 1088 1119 1109; x_wconf 88' lang='lat' dir='ltr'><strong>esse</strong></span> <span class='ocrx_word' id='word_1_164' title='bbox 1143 1078 1290 1109; x_wconf 81' lang='lat' dir='ltr'><strong>deberet.</strong></span> <span class='ocrx_word' id='word_1_165' title='bbox 1336 1078 1500 1109; x_wconf 83' lang='lat' dir='ltr'><strong>adversus</strong></span> 
     </span>
     <span class='ocr_line' id='line_1_19' title="bbox 84 1121 1500 1164; baseline -0.001 -9"><span class='ocrx_word' id='word_1_166' title='bbox 84 1133 157 1155; x_wconf 89' lang='lat' dir='ltr'><strong>eum</strong></span> <span class='ocrx_word' id='word_1_167' title='bbox 174 1122 209 1154; x_wconf 93' lang='lat' dir='ltr'><strong>P.</strong></span> <span class='ocrx_word' id='word_1_168' title='bbox 228 1122 376 1154; x_wconf 91' lang='lat' dir='ltr'><strong>Licinius</strong></span> <span class='ocrx_word' id='word_1_169' title='bbox 395 1122 536 1154; x_wconf 87' lang='lat' dir='ltr'><strong>Crassus</strong></span> <span class='ocrx_word' id='word_1_170' title='bbox 561 1123 692 1162; x_wconf 83' lang='lat' dir='ltr'><strong>consul,</strong></span> <span class='ocrx_word' id='word_1_171' title='bbox 717 1133 788 1154; x_wconf 91' lang='lat' dir='ltr'><strong>cum</strong></span> <span class='ocrx_word' id='word_1_172' title='bbox 812 1123 895 1154; x_wconf 88' lang='lat' dir='ltr'><strong>idem</strong></span> <span class='ocrx_word' id='word_1_173' title='bbox 918 1121 1068 1164; x_wconf 84' lang='lat' dir='ltr'><strong>pontifex</strong></span> <span class='ocrx_word' id='word_1_174' title='bbox 1091 1123 1252 1154; x_wconf 77' lang='lat' dir='ltr'><strong>maximus</strong></span> <span class='ocrx_word' id='word_1_175' title='bbox 1277 1125 1384 1162; x_wconf 75' lang='lat' dir='ltr'><strong>esset,</strong></span> <span class='ocrx_word' id='word_1_176' title='bbox 1415 1123 1500 1164; x_wconf 88' lang='lat' dir='ltr'><strong>quod</strong></span> 
     </span>
     <span class='ocr_line' id='line_1_20' title="bbox 82 1166 1501 1210; baseline -0.001 -10"><span class='ocrx_word' id='word_1_177' title='bbox 82 1178 255 1210; x_wconf 88' lang='lat' dir='ltr'><strong>numquam</strong></span> <span class='ocrx_word' id='word_1_178' title='bbox 274 1172 371 1199; x_wconf 90' lang='lat' dir='ltr'><strong>antea</strong></span> <span class='ocrx_word' id='word_1_179' title='bbox 390 1166 510 1199; x_wconf 85' lang='lat' dir='ltr'><strong>factum</strong></span> <span class='ocrx_word' id='word_1_180' title='bbox 529 1172 619 1203; x_wconf 78' lang='lat' dir='ltr'><strong>erat,</strong></span> <span class='ocrx_word' id='word_1_181' title='bbox 644 1172 741 1199; x_wconf 83' lang='lat' dir='ltr'><strong>extra</strong></span> <span class='ocrx_word' id='word_1_182' title='bbox 759 1167 886 1199; x_wconf 88' lang='lat' dir='ltr'><strong>ltaliam</strong></span> <span class='ocrx_word' id='word_1_183' title='bbox 904 1166 1093 1209; x_wconf 79' lang='lat' dir='ltr'><strong>profectus,</strong></span> <span class='ocrx_word' id='word_1_184' title='bbox 1118 1168 1246 1209; x_wconf 86' lang='lat' dir='ltr'><strong>proelio</strong></span> <span class='ocrx_word' id='word_1_185' title='bbox 1265 1168 1375 1200; x_wconf 85' lang='lat' dir='ltr'><strong>victus</strong></span> <span class='ocrx_word' id='word_1_186' title='bbox 1394 1172 1427 1199; x_wconf 86' lang='lat' dir='ltr'><strong>et</strong></span> <span class='ocrx_word' id='word_1_187' title='bbox 1445 1178 1501 1199; x_wconf 94' lang='lat' dir='ltr'><strong>oc-</strong></span> 
     </span>
     <span class='ocr_line' id='line_1_21' title="bbox 83 1212 1500 1254; baseline -0.001 -9"><span class='ocrx_word' id='word_1_188' title='bbox 83 1214 172 1246; x_wconf 92' lang='lat' dir='ltr'><strong>cisus</strong></span> <span class='ocrx_word' id='word_1_189' title='bbox 195 1218 258 1245; x_wconf 84' lang='lat' dir='ltr'><strong>est.</strong></span> <span class='ocrx_word' id='word_1_190' title='bbox 293 1212 336 1244; x_wconf 87' lang='lat' dir='ltr'><strong>M.</strong></span> <span class='ocrx_word' id='word_1_191' title='bbox 357 1212 524 1254; x_wconf 84' lang='lat' dir='ltr'><strong>Perperna</strong></span> <span class='ocrx_word' id='word_1_192' title='bbox 548 1213 663 1244; x_wconf 84' lang='lat' dir='ltr'><strong>consul</strong></span> <span class='ocrx_word' id='word_1_193' title='bbox 687 1213 811 1244; x_wconf 91' lang='lat' dir='ltr'><strong>victum</strong></span> <span class='ocrx_word' id='word_1_194' title='bbox 831 1213 1056 1244; x_wconf 82' lang='lat' dir='ltr'><strong>Aristonicum</strong></span> <span class='ocrx_word' id='word_1_195' title='bbox 1080 1213 1111 1244; x_wconf 91' lang='lat' dir='ltr'><strong>in</strong></span> <span class='ocrx_word' id='word_1_196' title='bbox 1136 1213 1336 1245; x_wconf 87' lang='lat' dir='ltr'><strong>deditionem</strong></span> <span class='ocrx_word' id='word_1_197' title='bbox 1360 1212 1500 1254; x_wconf 88' lang='lat' dir='ltr'><strong>accepit.</strong></span> 
     </span>
     <span class='ocr_line' id='line_1_22' title="bbox 84 1257 1501 1301; baseline -0.002 -10"><span class='ocrx_word' id='word_1_198' title='bbox 84 1258 123 1301; x_wconf 84' lang='lat' dir='ltr'><strong>Q.</strong></span> <span class='ocrx_word' id='word_1_199' title='bbox 140 1258 332 1300; x_wconf 87' lang='lat' dir='ltr'><strong>Pompeius,</strong></span> <span class='ocrx_word' id='word_1_200' title='bbox 358 1258 395 1299; x_wconf 84' lang='lat' dir='ltr'><strong>Q.</strong></span> <span class='ocrx_word' id='word_1_201' title='bbox 419 1257 594 1298; x_wconf 77' lang='lat' dir='ltr'><strong>Metellus,</strong></span> <span class='ocrx_word' id='word_1_202' title='bbox 618 1262 695 1289; x_wconf 87' lang='lat' dir='ltr'><strong>tuuc</strong></span> <span class='ocrx_word' id='word_1_203' title='bbox 719 1258 858 1300; x_wconf 91' lang='lat' dir='ltr'><strong>primum</strong></span> <span class='ocrx_word' id='word_1_204' title='bbox 882 1263 1021 1299; x_wconf 89' lang='lat' dir='ltr'><strong>uterque</strong></span> <span class='ocrx_word' id='word_1_205' title='bbox 1044 1268 1084 1289; x_wconf 76' lang='lat' dir='ltr'><strong>ex</strong></span> <span class='ocrx_word' id='word_1_206' title='bbox 1110 1258 1203 1300; x_wconf 84' lang='lat' dir='ltr'><strong>plebe</strong></span> <span class='ocrx_word' id='word_1_207' title='bbox 1228 1257 1306 1290; x_wconf 86' lang='lat' dir='ltr'><strong>facti</strong></span> <span class='ocrx_word' id='word_1_208' title='bbox 1331 1267 1501 1297; x_wconf 86' lang='lat' dir='ltr'><strong>censores,</strong></span> 
     </span>
    </p>
   </div>
   <div class='ocr_carea' id='block_1_5' title="bbox 82 1313 1502 2481">
    <p class='ocr_par' dir='ltr' id='par_1_5' title="bbox 82 1313 1502 2481">
     <span class='ocr_line' id='line_1_23' title="bbox 83 1313 1502 1356; baseline -0.001 -10"><span class='ocrx_word' id='word_1_209' title='bbox 83 1315 224 1346; x_wconf 91' lang='lat' dir='ltr'><strong>lustrum</strong></span> <span class='ocrx_word' id='word_1_210' title='bbox 243 1314 480 1354; x_wconf 82' lang='lat' dir='ltr'><strong>condiderunt3</strong></span> <span class='ocrx_word' id='word_1_211' title='bbox 499 1325 595 1346; x_wconf 78' lang='lat' dir='ltr'><strong>censa</strong></span> <span class='ocrx_word' id='word_1_212' title='bbox 610 1319 686 1346; x_wconf 87' lang='lat' dir='ltr'><strong>sunt</strong></span> <span class='ocrx_word' id='word_1_213' title='bbox 701 1315 819 1346; x_wconf 81' lang='lat' dir='ltr'><strong>civium</strong></span> <span class='ocrx_word' id='word_1_214' title='bbox 835 1315 941 1356; x_wconf 85' lang='lat' dir='ltr'><strong>capita</strong></span> <span class='ocrx_word' id='word_1_215' title='bbox 957 1313 1502 1355; x_wconf 65' lang='lat' dir='ltr'><strong>cccxwllD‹;(:‹JXX111‚prae-</strong></span> 
     </span>
     <span class='ocr_line' id='line_1_24' title="bbox 83 1359 1500 1402; baseline -0.001 -11"><span class='ocrx_word' id='word_1_216' title='bbox 83 1364 136 1391; x_wconf 89' lang='lat' dir='ltr'><strong>ter</strong></span> <span class='ocrx_word' id='word_1_217' title='bbox 158 1359 302 1402; x_wconf 88' lang='lat' dir='ltr'><strong>pupillos</strong></span> <span class='ocrx_word' id='word_1_218' title='bbox 326 1364 359 1391; x_wconf 86' lang='lat' dir='ltr'><strong>et</strong></span> <span class='ocrx_word' id='word_1_219' title='bbox 384 1359 512 1391; x_wconf 84' lang='lat' dir='ltr'><strong>viduas.</strong></span> <span class='ocrx_word' id='word_1_220' title='bbox 552 1360 589 1401; x_wconf 82' lang='lat' dir='ltr'><strong>Q.</strong></span> <span class='ocrx_word' id='word_1_221' title='bbox 608 1359 764 1391; x_wconf 84' lang='lat' dir='ltr'><strong>Metellus</strong></span> <span class='ocrx_word' id='word_1_222' title='bbox 788 1370 907 1391; x_wconf 91' lang='lat' dir='ltr'><strong>censor</strong></span> <span class='ocrx_word' id='word_1_223' title='bbox 931 1360 1076 1399; x_wconf 82' lang='lat' dir='ltr'><strong>censuit,</strong></span> <span class='ocrx_word' id='word_1_224' title='bbox 1106 1365 1140 1391; x_wconf 88' lang='lat' dir='ltr'><strong>ut</strong></span> <span class='ocrx_word' id='word_1_225' title='bbox 1164 1363 1364 1400; x_wconf 87' lang='lat' dir='ltr'><strong>cogerentur</strong></span> <span class='ocrx_word' id='word_1_226' title='bbox 1389 1368 1500 1390; x_wconf 90' lang='lat' dir='ltr'><strong>omnes</strong></span> 
     </span>
     <span class='ocr_line' id='line_1_25' title="bbox 83 1403 1500 1445; baseline -0.001 -9"><span class='ocrx_word' id='word_1_227' title='bbox 83 1405 204 1436; x_wconf 86' lang='lat' dir='ltr'><strong>ducere</strong></span> <span class='ocrx_word' id='word_1_228' title='bbox 221 1414 344 1436; x_wconf 73' lang='lat' dir='ltr'><strong>uxores</strong></span> <span class='ocrx_word' id='word_1_229' title='bbox 371 1404 552 1436; x_wconf 89' lang='lat' dir='ltr'><strong>liberorum</strong></span> <span class='ocrx_word' id='word_1_230' title='bbox 573 1405 792 1436; x_wconf 86' lang='lat' dir='ltr'><strong>creandorum</strong></span> <span class='ocrx_word' id='word_1_231' title='bbox 811 1415 929 1436; x_wconf 88' lang='lat' dir='ltr'><strong>causa:</strong></span> <span class='ocrx_word' id='word_1_232' title='bbox 963 1409 1056 1436; x_wconf 75' lang='lat' dir='ltr'><strong>extat</strong></span> <span class='ocrx_word' id='word_1_233' title='bbox 1080 1405 1188 1436; x_wconf 89' lang='lat' dir='ltr'><strong>oratio</strong></span> <span class='ocrx_word' id='word_1_234' title='bbox 1207 1405 1294 1442; x_wconf 85' lang='lat' dir='ltr'><strong>eius,</strong></span> <span class='ocrx_word' id='word_1_235' title='bbox 1318 1413 1413 1445; x_wconf 91' lang='lat' dir='ltr'><strong>quam</strong></span> <span class='ocrx_word' id='word_1_236' title='bbox 1431 1403 1500 1434; x_wconf 88' lang='lat' dir='ltr'><strong>Au-</strong></span> 
     </span>
     <span class='ocr_line' id='line_1_26' title="bbox 82 1449 1500 1492; baseline -0.001 -11"><span class='ocrx_word' id='word_1_237' title='bbox 82 1454 200 1492; x_wconf 85' lang='lat' dir='ltr'><strong>gustus</strong></span> <span class='ocrx_word' id='word_1_238' title='bbox 219 1449 359 1489; x_wconf 87' lang='lat' dir='ltr'><strong>Caesar,</strong></span> <span class='ocrx_word' id='word_1_239' title='bbox 382 1460 459 1481; x_wconf 81' lang='lat' dir='ltr'><strong>cum</strong></span> <span class='ocrx_word' id='word_1_240' title='bbox 476 1450 514 1481; x_wconf 90' lang='lat' dir='ltr'><strong>de</strong></span> <span class='ocrx_word' id='word_1_241' title='bbox 532 1450 728 1482; x_wconf 86' lang='lat' dir='ltr'><strong>maritandis</strong></span> <span class='ocrx_word' id='word_1_242' title='bbox 746 1450 918 1481; x_wconf 88' lang='lat' dir='ltr'><strong>ordinibus</strong></span> <span class='ocrx_word' id='word_1_243' title='bbox 936 1455 1070 1490; x_wconf 83' lang='lat' dir='ltr'><strong>ageret,</strong></span> <span class='ocrx_word' id='word_1_244' title='bbox 1092 1450 1183 1480; x_wconf 77' lang='lat' dir='ltr'><strong>velut</strong></span> <span class='ocrx_word' id='word_1_245' title='bbox 1201 1449 1233 1480; x_wconf 91' lang='lat' dir='ltr'><strong>in</strong></span> <span class='ocrx_word' id='word_1_246' title='bbox 1252 1449 1332 1480; x_wconf 87' lang='lat' dir='ltr'><strong>haec</strong></span> <span class='ocrx_word' id='word_1_247' title='bbox 1350 1452 1500 1490; x_wconf 87' lang='lat' dir='ltr'><strong>tempora</strong></span> 
     </span>
     <span class='ocr_line' id='line_1_27' title="bbox 83 1492 1500 1537; baseline -0.001 -11"><span class='ocrx_word' id='word_1_248' title='bbox 83 1495 241 1537; x_wconf 87' lang='lat' dir='ltr'><strong>scriptam</strong></span> <span class='ocrx_word' id='word_1_249' title='bbox 258 1495 291 1526; x_wconf 91' lang='lat' dir='ltr'><strong>in</strong></span> <span class='ocrx_word' id='word_1_250' title='bbox 310 1499 427 1526; x_wconf 87' lang='lat' dir='ltr'><strong>senatu</strong></span> <span class='ocrx_word' id='word_1_251' title='bbox 444 1495 611 1526; x_wconf 79' lang='lat' dir='ltr'><strong>recitavit.</strong></span> <span class='ocrx_word' id='word_1_252' title='bbox 646 1496 680 1526; x_wconf 90' lang='lat' dir='ltr'><strong>C.</strong></span> <span class='ocrx_word' id='word_1_253' title='bbox 700 1495 831 1526; x_wconf 78' lang='lat' dir='ltr'><strong>Atinius</strong></span> <span class='ocrx_word' id='word_1_254' title='bbox 849 1494 959 1526; x_wconf 87' lang='lat' dir='ltr'><strong>Labeo</strong></span> <span class='ocrx_word' id='word_1_255' title='bbox 978 1495 1130 1526; x_wconf 91' lang='lat' dir='ltr'><strong>tribunus</strong></span> <span class='ocrx_word' id='word_1_256' title='bbox 1149 1493 1253 1535; x_wconf 80' lang='lat' dir='ltr'><strong>plebis</strong></span> <span class='ocrx_word' id='word_1_257' title='bbox 1272 1493 1310 1535; x_wconf 85' lang='lat' dir='ltr'><strong>Q.</strong></span> <span class='ocrx_word' id='word_1_258' title='bbox 1328 1492 1500 1525; x_wconf 86' lang='lat' dir='ltr'><strong>Metellum</strong></span> 
     </span>
     <span class='ocr_line' id='line_1_28' title="bbox 85 1538 1499 1582; baseline -0.002 -10"><span class='ocrx_word' id='word_1_259' title='bbox 85 1550 274 1579; x_wconf 82' lang='lat' dir='ltr'><strong>censorem,</strong></span> <span class='ocrx_word' id='word_1_260' title='bbox 304 1550 322 1572; x_wconf 91' lang='lat' dir='ltr'><strong>a</strong></span> <span class='ocrx_word' id='word_1_261' title='bbox 347 1551 408 1582; x_wconf 87' lang='lat' dir='ltr'><strong>quo</strong></span> <span class='ocrx_word' id='word_1_262' title='bbox 426 1541 460 1571; x_wconf 79' lang='lat' dir='ltr'><strong>in</strong></span> <span class='ocrx_word' id='word_1_263' title='bbox 483 1545 601 1572; x_wconf 86' lang='lat' dir='ltr'><strong>senatu</strong></span> <span class='ocrx_word' id='word_1_264' title='bbox 625 1540 763 1582; x_wconf 86' lang='lat' dir='ltr'><strong>legendo</strong></span> <span class='ocrx_word' id='word_1_265' title='bbox 781 1540 985 1582; x_wconf 84' lang='lat' dir='ltr'><strong>praeteritus</strong></span> <span class='ocrx_word' id='word_1_266' title='bbox 1004 1544 1093 1578; x_wconf 86' lang='lat' dir='ltr'><strong>erat,</strong></span> <span class='ocrx_word' id='word_1_267' title='bbox 1123 1539 1162 1570; x_wconf 88' lang='lat' dir='ltr'><strong>de</strong></span> <span class='ocrx_word' id='word_1_268' title='bbox 1181 1549 1262 1570; x_wconf 76' lang='lat' dir='ltr'><strong>saxo</strong></span> <span class='ocrx_word' id='word_1_269' title='bbox 1281 1538 1365 1569; x_wconf 83' lang='lat' dir='ltr'><strong>deici</strong></span> <span class='ocrx_word' id='word_1_270' title='bbox 1383 1538 1499 1576; x_wconf 75' lang='lat' dir='ltr'><strong>iussit3</strong></span> 
     </span>
     <span class='ocr_line' id='line_1_29' title="bbox 84 1583 1498 1628; baseline -0.002 -11"><span class='ocrx_word' id='word_1_271' title='bbox 84 1585 169 1628; x_wconf 90' lang='lat' dir='ltr'><strong>quod</strong></span> <span class='ocrx_word' id='word_1_272' title='bbox 187 1595 226 1616; x_wconf 89' lang='lat' dir='ltr'><strong>ne</strong></span> <span class='ocrx_word' id='word_1_273' title='bbox 247 1585 359 1625; x_wconf 84' lang='lat' dir='ltr'><strong>fieret,</strong></span> <span class='ocrx_word' id='word_1_274' title='bbox 384 1585 488 1617; x_wconf 86' lang='lat' dir='ltr'><strong>ceteri</strong></span> <span class='ocrx_word' id='word_1_275' title='bbox 511 1585 637 1617; x_wconf 92' lang='lat' dir='ltr'><strong>tribuni</strong></span> <span class='ocrx_word' id='word_1_276' title='bbox 661 1586 766 1628; x_wconf 82' lang='lat' dir='ltr'><strong>piebis</strong></span> <span class='ocrx_word' id='word_1_277' title='bbox 790 1585 916 1617; x_wconf 72' lang='lat' dir='ltr'><strong>auxilio</strong></span> <span class='ocrx_word' id='word_1_278' title='bbox 940 1584 1085 1616; x_wconf 86' lang='lat' dir='ltr'><strong>fuerunt.</strong></span> <span class='ocrx_word' id='word_1_279' title='bbox 1120 1594 1191 1615; x_wconf 85' lang='lat' dir='ltr'><strong>cum</strong></span> <span class='ocrx_word' id='word_1_280' title='bbox 1211 1583 1318 1615; x_wconf 84' lang='lat' dir='ltr'><strong>Carbo</strong></span> <span class='ocrx_word' id='word_1_281' title='bbox 1342 1583 1498 1614; x_wconf 88' lang='lat' dir='ltr'><strong>tribunus</strong></span> 
     </span>
     <span class='ocr_line' id='line_1_30' title="bbox 82 1628 1499 1673; baseline -0.001 -12"><span class='ocrx_word' id='word_1_282' title='bbox 82 1630 189 1673; x_wconf 87' lang='lat' dir='ltr'><strong>plebis</strong></span> <span class='ocrx_word' id='word_1_283' title='bbox 204 1631 408 1672; x_wconf 81' lang='lat' dir='ltr'><strong>rogationem</strong></span> <span class='ocrx_word' id='word_1_284' title='bbox 422 1630 568 1669; x_wconf 83' lang='lat' dir='ltr'><strong>tulisset,</strong></span> <span class='ocrx_word' id='word_1_285' title='bbox 587 1635 622 1661; x_wconf 87' lang='lat' dir='ltr'><strong>ut</strong></span> <span class='ocrx_word' id='word_1_286' title='bbox 635 1632 774 1662; x_wconf 84' lang='lat' dir='ltr'><strong>eundem</strong></span> <span class='ocrx_word' id='word_1_287' title='bbox 788 1630 955 1662; x_wconf 90' lang='lat' dir='ltr'><strong>tribunum</strong></span> <span class='ocrx_word' id='word_1_288' title='bbox 970 1629 1068 1671; x_wconf 89' lang='lat' dir='ltr'><strong>plebi,</strong></span> <span class='ocrx_word' id='word_1_289' title='bbox 1087 1628 1239 1669; x_wconf 88' lang='lat' dir='ltr'><strong>quotiens</strong></span> <span class='ocrx_word' id='word_1_290' title='bbox 1254 1628 1368 1667; x_wconf 81' lang='lat' dir='ltr'><strong>vellet,</strong></span> <span class='ocrx_word' id='word_1_291' title='bbox 1382 1637 1499 1660; x_wconf 89' lang='lat' dir='ltr'><strong>creare</strong></span> 
     </span>
     <span class='ocr_line' id='line_1_31' title="bbox 83 1673 1499 1717; baseline -0.002 -10"><span class='ocrx_word' id='word_1_292' title='bbox 83 1676 216 1714; x_wconf 83' lang='lat' dir='ltr'><strong>liceret,</strong></span> <span class='ocrx_word' id='word_1_293' title='bbox 234 1677 440 1717; x_wconf 85' lang='lat' dir='ltr'><strong>rogationem</strong></span> <span class='ocrx_word' id='word_1_294' title='bbox 459 1676 530 1707; x_wconf 90' lang='lat' dir='ltr'><strong>eius</strong></span> <span class='ocrx_word' id='word_1_295' title='bbox 549 1676 582 1707; x_wconf 88' lang='lat' dir='ltr'><strong>P.</strong></span> <span class='ocrx_word' id='word_1_296' title='bbox 602 1675 780 1707; x_wconf 73' lang='lat' dir='ltr'><strong>Africanus</strong></span> <span class='ocrx_word' id='word_1_297' title='bbox 798 1675 996 1716; x_wconf 79' lang='lat' dir='ltr'><strong>gravissima</strong></span> <span class='ocrx_word' id='word_1_298' title='bbox 1016 1673 1167 1705; x_wconf 90' lang='lat' dir='ltr'><strong>oratioue</strong></span> <span class='ocrx_word' id='word_1_299' title='bbox 1185 1673 1361 1711; x_wconf 87' lang='lat' dir='ltr'><strong>dissuasit,</strong></span> <span class='ocrx_word' id='word_1_300' title='bbox 1386 1673 1418 1704; x_wconf 92' lang='lat' dir='ltr'><strong>in</strong></span> <span class='ocrx_word' id='word_1_301' title='bbox 1437 1683 1499 1715; x_wconf 88' lang='lat' dir='ltr'><strong>qua</strong></span> 
     </span>
     <span class='ocr_line' id='line_1_32' title="bbox 83 1718 1501 1764; baseline -0.002 -12"><span class='ocrx_word' id='word_1_302' title='bbox 83 1721 184 1764; x_wconf 81' lang='lat' dir='ltr'><strong>dixit,</strong></span> <span class='ocrx_word' id='word_1_303' title='bbox 208 1720 258 1752; x_wconf 90' lang='lat' dir='ltr'><strong>Ti.</strong></span> <span class='ocrx_word' id='word_1_304' title='bbox 279 1719 463 1753; x_wconf 83' lang='lat' dir='ltr'><strong>Gracchum</strong></span> <span class='ocrx_word' id='word_1_305' title='bbox 486 1721 560 1752; x_wconf 88' lang='lat' dir='ltr'><strong>iure</strong></span> <span class='ocrx_word' id='word_1_306' title='bbox 577 1732 708 1753; x_wconf 88' lang='lat' dir='ltr'><strong>caesum</strong></span> <span class='ocrx_word' id='word_1_307' title='bbox 727 1721 844 1752; x_wconf 81' lang='lat' dir='ltr'><strong>videri.</strong></span> <span class='ocrx_word' id='word_1_308' title='bbox 882 1720 913 1751; x_wconf 86' lang='lat' dir='ltr'><strong>C.</strong></span> <span class='ocrx_word' id='word_1_309' title='bbox 934 1718 1105 1750; x_wconf 86' lang='lat' dir='ltr'><strong>Gracchus</strong></span> <span class='ocrx_word' id='word_1_310' title='bbox 1130 1723 1246 1749; x_wconf 86' lang='lat' dir='ltr'><strong>contra</strong></span> <span class='ocrx_word' id='word_1_311' title='bbox 1271 1718 1378 1750; x_wconf 87' lang='lat' dir='ltr'><strong>suasit</strong></span> <span class='ocrx_word' id='word_1_312' title='bbox 1402 1728 1501 1759; x_wconf 85' lang='lat' dir='ltr'><strong>roga-</strong></span> 
     </span>
     <span class='ocr_line' id='line_1_33' title="bbox 83 1762 1500 1809; baseline -0.002 -11"><span class='ocrx_word' id='word_1_313' title='bbox 83 1766 227 1805; x_wconf 85' lang='lat' dir='ltr'><strong>tionem,</strong></span> <span class='ocrx_word' id='word_1_314' title='bbox 257 1768 314 1798; x_wconf 85' lang='lat' dir='ltr'><strong>sed</strong></span> <span class='ocrx_word' id='word_1_315' title='bbox 334 1767 443 1809; x_wconf 84' lang='lat' dir='ltr'><strong>Scipio</strong></span> <span class='ocrx_word' id='word_1_316' title='bbox 468 1767 585 1798; x_wconf 78' lang='lat' dir='ltr'><strong>tenuit.</strong></span> <span class='ocrx_word' id='word_1_317' title='bbox 620 1767 707 1798; x_wconf 87' lang='lat' dir='ltr'><strong>bella</strong></span> <span class='ocrx_word' id='word_1_318' title='bbox 726 1767 814 1798; x_wconf 87' lang='lat' dir='ltr'><strong>iuter</strong></span> <span class='ocrx_word' id='word_1_319' title='bbox 832 1765 1027 1797; x_wconf 76' lang='lat' dir='ltr'><strong>Antiochum</strong></span> <span class='ocrx_word' id='word_1_320' title='bbox 1046 1763 1165 1806; x_wconf 68' lang='lat' dir='ltr'><strong>Syriae</strong></span> <span class='ocrx_word' id='word_1_321' title='bbox 1183 1768 1216 1795; x_wconf 87' lang='lat' dir='ltr'><strong>ct</strong></span> <span class='ocrx_word' id='word_1_322' title='bbox 1235 1763 1399 1795; x_wconf 79' lang='lat' dir='ltr'><strong>Phraaten</strong></span> <span class='ocrx_word' id='word_1_323' title='bbox 1418 1762 1500 1795; x_wconf 91' lang='lat' dir='ltr'><strong>Par-</strong></span> 
     </span>
     <span class='ocr_line' id='line_1_34' title="bbox 83 1808 1499 1853; baseline -0.002 -10"><span class='ocrx_word' id='word_1_324' title='bbox 83 1812 216 1843; x_wconf 87' lang='lat' dir='ltr'><strong>thorum</strong></span> <span class='ocrx_word' id='word_1_325' title='bbox 235 1822 344 1853; x_wconf 87' lang='lat' dir='ltr'><strong>regem</strong></span> <span class='ocrx_word' id='word_1_326' title='bbox 363 1817 456 1851; x_wconf 89' lang='lat' dir='ltr'><strong>gesta</strong></span> <span class='ocrx_word' id='word_1_327' title='bbox 477 1822 534 1842; x_wconf 88' lang='lat' dir='ltr'><strong>uec</strong></span> <span class='ocrx_word' id='word_1_328' title='bbox 553 1812 656 1851; x_wconf 79' lang='lat' dir='ltr'><strong>magis</strong></span> <span class='ocrx_word' id='word_1_329' title='bbox 671 1812 800 1853; x_wconf 81' lang='lat' dir='ltr'><strong>quietae</strong></span> <span class='ocrx_word' id='word_1_330' title='bbox 819 1821 872 1842; x_wconf 86' lang='lat' dir='ltr'><strong>res</strong></span> <span class='ocrx_word' id='word_1_331' title='bbox 889 1808 1033 1851; x_wconf 69' lang='lat' dir='ltr'><strong>Aegypti</strong></span> <span class='ocrx_word' id='word_1_332' title='bbox 1049 1808 1249 1839; x_wconf 78' lang='lat' dir='ltr'><strong>referuntur.</strong></span> <span class='ocrx_word' id='word_1_333' title='bbox 1278 1808 1499 1848; x_wconf 86' lang='lat' dir='ltr'><strong>Ptolemaeus,</strong></span> 
     </span>
     <span class='ocr_line' id='line_1_35' title="bbox 84 1853 1499 1897; baseline -0.003 -9"><span class='ocrx_word' id='word_1_334' title='bbox 84 1855 269 1897; x_wconf 81' lang='lat' dir='ltr'><strong>Euergetes</strong></span> <span class='ocrx_word' id='word_1_335' title='bbox 295 1857 561 1897; x_wconf 80' lang='lat' dir='ltr'><strong>cognominatus,</strong></span> <span class='ocrx_word' id='word_1_336' title='bbox 587 1857 626 1887; x_wconf 90' lang='lat' dir='ltr'><strong>ob</strong></span> <span class='ocrx_word' id='word_1_337' title='bbox 652 1856 783 1887; x_wconf 91' lang='lat' dir='ltr'><strong>nimiam</strong></span> <span class='ocrx_word' id='word_1_338' title='bbox 807 1854 1036 1886; x_wconf 79' lang='lat' dir='ltr'><strong>crudelitatem</strong></span> <span class='ocrx_word' id='word_1_339' title='bbox 1062 1853 1132 1884; x_wconf 79' lang='lat' dir='ltr'><strong>suis</strong></span> <span class='ocrx_word' id='word_1_340' title='bbox 1160 1853 1304 1891; x_wconf 87' lang='lat' dir='ltr'><strong>invisus,</strong></span> <span class='ocrx_word' id='word_1_341' title='bbox 1330 1854 1462 1884; x_wconf 83' lang='lat' dir='ltr'><strong>incensa</strong></span> <span class='ocrx_word' id='word_1_342' title='bbox 1480 1862 1499 1884; x_wconf 89' lang='lat' dir='ltr'><strong>a</strong></span> 
     </span>
     <span class='ocr_line' id='line_1_36' title="bbox 85 1898 1498 1944; baseline -0.001 -13"><span class='ocrx_word' id='word_1_343' title='bbox 85 1902 205 1944; x_wconf 89' lang='lat' dir='ltr'><strong>populo</strong></span> <span class='ocrx_word' id='word_1_344' title='bbox 225 1901 314 1941; x_wconf 84' lang='lat' dir='ltr'><strong>regia</strong></span> <span class='ocrx_word' id='word_1_345' title='bbox 334 1902 417 1933; x_wconf 87' lang='lat' dir='ltr'><strong>clam</strong></span> <span class='ocrx_word' id='word_1_346' title='bbox 437 1902 569 1944; x_wconf 64' lang='lat' dir='ltr'><strong>Cypron</strong></span> <span class='ocrx_word' id='word_1_347' title='bbox 593 1901 756 1943; x_wconf 81' lang='lat' dir='ltr'><strong>profugit.</strong></span> <span class='ocrx_word' id='word_1_348' title='bbox 782 1905 815 1931; x_wconf 81' lang='lat' dir='ltr'><strong>ct</strong></span> <span class='ocrx_word' id='word_1_349' title='bbox 832 1910 902 1930; x_wconf 87' lang='lat' dir='ltr'><strong>eum</strong></span> <span class='ocrx_word' id='word_1_350' title='bbox 929 1898 1038 1929; x_wconf 85' lang='lat' dir='ltr'><strong>sorori</strong></span> <span class='ocrx_word' id='word_1_351' title='bbox 1057 1898 1127 1929; x_wconf 82' lang='lat' dir='ltr'><strong>eius</strong></span> <span class='ocrx_word' id='word_1_352' title='bbox 1147 1898 1363 1939; x_wconf 74' lang='lat' dir='ltr'><strong>Cleopatrae,</strong></span> <span class='ocrx_word' id='word_1_353' title='bbox 1392 1908 1498 1940; x_wconf 85' lang='lat' dir='ltr'><strong>quam,</strong></span> 
     </span>
     <span class='ocr_line' id='line_1_37' title="bbox 84 1943 1500 1988; baseline -0.003 -10"><span class='ocrx_word' id='word_1_354' title='bbox 84 1946 154 1978; x_wconf 85' lang='lat' dir='ltr'><strong>fitia</strong></span> <span class='ocrx_word' id='word_1_355' title='bbox 171 1946 243 1978; x_wconf 85' lang='lat' dir='ltr'><strong>cius</strong></span> <span class='ocrx_word' id='word_1_356' title='bbox 262 1946 390 1987; x_wconf 83' lang='lat' dir='ltr'><strong>virgine</strong></span> <span class='ocrx_word' id='word_1_357' title='bbox 409 1956 467 1988; x_wconf 89' lang='lat' dir='ltr'><strong>per</strong></span> <span class='ocrx_word' id='word_1_358' title='bbox 484 1946 550 1977; x_wconf 80' lang='lat' dir='ltr'><strong>vim</strong></span> <span class='ocrx_word' id='word_1_359' title='bbox 574 1956 750 1988; x_wconf 86' lang='lat' dir='ltr'><strong>conpressa</strong></span> <span class='ocrx_word' id='word_1_360' title='bbox 776 1950 872 1986; x_wconf 85' lang='lat' dir='ltr'><strong>atquc</strong></span> <span class='ocrx_word' id='word_1_361' title='bbox 897 1944 926 1974; x_wconf 93' lang='lat' dir='ltr'><strong>iu</strong></span> <span class='ocrx_word' id='word_1_362' title='bbox 947 1943 1189 1974; x_wconf 85' lang='lat' dir='ltr'><strong>matrimonium</strong></span> <span class='ocrx_word' id='word_1_363' title='bbox 1207 1944 1321 1985; x_wconf 87' lang='lat' dir='ltr'><strong>ducta,</strong></span> <span class='ocrx_word' id='word_1_364' title='bbox 1347 1943 1500 1985; x_wconf 84' lang='lat' dir='ltr'><strong>repudia-</strong></span> 
     </span>
     <span class='ocr_line' id='line_1_38' title="bbox 86 1988 1499 2034; baseline -0.003 -11"><span class='ocrx_word' id='word_1_365' title='bbox 86 1996 202 2030; x_wconf 89' lang='lat' dir='ltr'><strong>verat,</strong></span> <span class='ocrx_word' id='word_1_366' title='bbox 228 2002 363 2032; x_wconf 87' lang='lat' dir='ltr'><strong>regnum</strong></span> <span class='ocrx_word' id='word_1_367' title='bbox 382 2002 399 2023; x_wconf 95' lang='lat' dir='ltr'><strong>a</strong></span> <span class='ocrx_word' id='word_1_368' title='bbox 418 1991 536 2034; x_wconf 87' lang='lat' dir='ltr'><strong>populo</strong></span> <span class='ocrx_word' id='word_1_369' title='bbox 555 1992 664 2023; x_wconf 79' lang='lat' dir='ltr'><strong>«latum</strong></span> <span class='ocrx_word' id='word_1_370' title='bbox 686 1995 785 2029; x_wconf 84' lang='lat' dir='ltr'><strong>esset,</strong></span> <span class='ocrx_word' id='word_1_371' title='bbox 804 1988 949 2020; x_wconf 78' lang='lat' dir='ltr'><strong>infensus</strong></span> <span class='ocrx_word' id='word_1_372' title='bbox 969 1988 1082 2027; x_wconf 86' lang='lat' dir='ltr'><strong>lilium,</strong></span> <span class='ocrx_word' id='word_1_373' title='bbox 1101 1999 1193 2029; x_wconf 83' lang='lat' dir='ltr'><strong>quem</strong></span> <span class='ocrx_word' id='word_1_374' title='bbox 1211 1998 1252 2019; x_wconf 78' lang='lat' dir='ltr'><strong>cx</strong></span> <span class='ocrx_word' id='word_1_375' title='bbox 1271 1989 1327 2019; x_wconf 91' lang='lat' dir='ltr'><strong>illa</strong></span> <span class='ocrx_word' id='word_1_376' title='bbox 1346 1988 1499 2027; x_wconf 88' lang='lat' dir='ltr'><strong>habebat,</strong></span> 
     </span>
     <span class='ocr_line' id='line_1_39' title="bbox 84 2033 1498 2080; baseline -0.003 -11"><span class='ocrx_word' id='word_1_377' title='bbox 84 2038 120 2069; x_wconf 82' lang='lat' dir='ltr'><strong>in</strong></span> <span class='ocrx_word' id='word_1_378' title='bbox 137 2037 248 2080; x_wconf 80' lang='lat' dir='ltr'><strong>Cypro</strong></span> <span class='ocrx_word' id='word_1_379' title='bbox 267 2037 388 2068; x_wconf 87' lang='lat' dir='ltr'><strong>occidit</strong></span> <span class='ocrx_word' id='word_1_380' title='bbox 406 2041 566 2079; x_wconf 82' lang='lat' dir='ltr'><strong>caputque</strong></span> <span class='ocrx_word' id='word_1_381' title='bbox 585 2037 655 2068; x_wconf 88' lang='lat' dir='ltr'><strong>eius</strong></span> <span class='ocrx_word' id='word_1_382' title='bbox 674 2041 705 2067; x_wconf 88' lang='lat' dir='ltr'><strong>et</strong></span> <span class='ocrx_word' id='word_1_383' title='bbox 730 2045 840 2067; x_wconf 87' lang='lat' dir='ltr'><strong>manus</strong></span> <span class='ocrx_word' id='word_1_384' title='bbox 865 2038 897 2065; x_wconf 88' lang='lat' dir='ltr'><strong>et</strong></span> <span class='ocrx_word' id='word_1_385' title='bbox 915 2034 1012 2075; x_wconf 84' lang='lat' dir='ltr'><strong>pedes</strong></span> <span class='ocrx_word' id='word_1_386' title='bbox 1032 2034 1129 2065; x_wconf 87' lang='lat' dir='ltr'><strong>matri</strong></span> <span class='ocrx_word' id='word_1_387' title='bbox 1148 2033 1247 2065; x_wconf 83' lang='lat' dir='ltr'><strong>misit.</strong></span> <span class='ocrx_word' id='word_1_388' title='bbox 1281 2033 1462 2065; x_wconf 86' lang='lat' dir='ltr'><strong>seditiones</strong></span> <span class='ocrx_word' id='word_1_389' title='bbox 1481 2044 1498 2065; x_wconf 83' lang='lat' dir='ltr'><strong>a</strong></span> 
     </span>
     <span class='ocr_line' id='line_1_40' title="bbox 84 2078 1500 2121; baseline -0.003 -7"><span class='ocrx_word' id='word_1_390' title='bbox 84 2082 273 2114; x_wconf 88' lang='lat' dir='ltr'><strong>triumviris</strong></span> <span class='ocrx_word' id='word_1_391' title='bbox 298 2082 418 2114; x_wconf 78' lang='lat' dir='ltr'><strong>Fulvio</strong></span> <span class='ocrx_word' id='word_1_392' title='bbox 443 2082 563 2113; x_wconf 82' lang='lat' dir='ltr'><strong>Flacco</strong></span> <span class='ocrx_word' id='word_1_393' title='bbox 589 2086 620 2112; x_wconf 86' lang='lat' dir='ltr'><strong>et</strong></span> <span class='ocrx_word' id='word_1_394' title='bbox 645 2082 680 2112; x_wconf 80' lang='lat' dir='ltr'><strong>C.</strong></span> <span class='ocrx_word' id='word_1_395' title='bbox 700 2079 848 2111; x_wconf 81' lang='lat' dir='ltr'><strong>Graccho</strong></span> <span class='ocrx_word' id='word_1_396' title='bbox 873 2083 905 2110; x_wconf 83' lang='lat' dir='ltr'><strong>et</strong></span> <span class='ocrx_word' id='word_1_397' title='bbox 930 2079 963 2109; x_wconf 88' lang='lat' dir='ltr'><strong>C.</strong></span> <span class='ocrx_word' id='word_1_398' title='bbox 985 2078 1115 2121; x_wconf 84' lang='lat' dir='ltr'><strong>Papirio</strong></span> <span class='ocrx_word' id='word_1_399' title='bbox 1141 2079 1291 2110; x_wconf 75' lang='lat' dir='ltr'><strong>Carbone</strong></span> <span class='ocrx_word' id='word_1_400' title='bbox 1315 2089 1396 2119; x_wconf 86' lang='lat' dir='ltr'><strong>agro</strong></span> <span class='ocrx_word' id='word_1_401' title='bbox 1414 2079 1500 2110; x_wconf 80' lang='lat' dir='ltr'><strong>divi-</strong></span> 
     </span>
     <span class='ocr_line' id='line_1_41' title="bbox 86 2123 1499 2166; baseline -0.002 -8"><span class='ocrx_word' id='word_1_402' title='bbox 86 2127 190 2158; x_wconf 87' lang='lat' dir='ltr'><strong>dendo</strong></span> <span class='ocrx_word' id='word_1_403' title='bbox 209 2127 333 2159; x_wconf 90' lang='lat' dir='ltr'><strong>creatis</strong></span> <span class='ocrx_word' id='word_1_404' title='bbox 358 2127 535 2159; x_wconf 70' lang='lat' dir='ltr'><strong>excitatae.</strong></span> <span class='ocrx_word' id='word_1_405' title='bbox 568 2137 638 2158; x_wconf 88' lang='lat' dir='ltr'><strong>eum</strong></span> <span class='ocrx_word' id='word_1_406' title='bbox 657 2126 690 2157; x_wconf 91' lang='lat' dir='ltr'><strong>P.</strong></span> <span class='ocrx_word' id='word_1_407' title='bbox 709 2125 817 2166; x_wconf 78' lang='lat' dir='ltr'><strong>Scipio</strong></span> <span class='ocrx_word' id='word_1_408' title='bbox 837 2123 1012 2155; x_wconf 78' lang='lat' dir='ltr'><strong>Africanus</strong></span> <span class='ocrx_word' id='word_1_409' title='bbox 1036 2125 1085 2155; x_wconf 74' lang='lat' dir='ltr'><strong>eis</strong></span> <span class='ocrx_word' id='word_1_410' title='bbox 1102 2125 1358 2158; x_wconf 79' lang='lat' dir='ltr'><strong>adversaretur.</strong></span> <span class='ocrx_word' id='word_1_411' title='bbox 1384 2123 1499 2155; x_wconf 79' lang='lat' dir='ltr'><strong>sortis-</strong></span> 
     </span>
     <span class='ocr_line' id='line_1_42' title="bbox 87 2169 1499 2214; baseline -0.002 -12"><span class='ocrx_word' id='word_1_412' title='bbox 87 2181 149 2214; x_wconf 86' lang='lat' dir='ltr'><strong>que</strong></span> <span class='ocrx_word' id='word_1_413' title='bbox 172 2182 210 2203; x_wconf 85' lang='lat' dir='ltr'><strong>ac</strong></span> <span class='ocrx_word' id='word_1_414' title='bbox 236 2172 365 2203; x_wconf 86' lang='lat' dir='ltr'><strong>validus</strong></span> <span class='ocrx_word' id='word_1_415' title='bbox 390 2173 494 2213; x_wconf 84' lang='lat' dir='ltr'><strong>pridie</strong></span> <span class='ocrx_word' id='word_1_416' title='bbox 511 2173 640 2203; x_wconf 86' lang='lat' dir='ltr'><strong>domum</strong></span> <span class='ocrx_word' id='word_1_417' title='bbox 657 2180 692 2201; x_wconf 90' lang='lat' dir='ltr'><strong>se</strong></span> <span class='ocrx_word' id='word_1_418' title='bbox 711 2170 910 2212; x_wconf 74' lang='lat' dir='ltr'><strong>recepisset.</strong></span> <span class='ocrx_word' id='word_1_419' title='bbox 937 2174 1086 2200; x_wconf 84' lang='lat' dir='ltr'><strong>mortuus</strong></span> <span class='ocrx_word' id='word_1_420' title='bbox 1111 2169 1142 2200; x_wconf 93' lang='lat' dir='ltr'><strong>iu</strong></span> <span class='ocrx_word' id='word_1_421' title='bbox 1169 2169 1320 2200; x_wconf 89' lang='lat' dir='ltr'><strong>cubiculo</strong></span> <span class='ocrx_word' id='word_1_422' title='bbox 1344 2169 1499 2199; x_wconf 79' lang='lat' dir='ltr'><strong>iuventus</strong></span> 
     </span>
     <span class='ocr_line' id='line_1_43' title="bbox 87 2212 1498 2258; baseline -0.004 -9"><span class='ocrx_word' id='word_1_423' title='bbox 87 2221 150 2249; x_wconf 87' lang='lat' dir='ltr'><strong>est.</strong></span> <span class='ocrx_word' id='word_1_424' title='bbox 196 2221 348 2258; x_wconf 86' lang='lat' dir='ltr'><strong>suspecta</strong></span> <span class='ocrx_word' id='word_1_425' title='bbox 373 2216 451 2255; x_wconf 83' lang='lat' dir='ltr'><strong>fuit,</strong></span> <span class='ocrx_word' id='word_1_426' title='bbox 479 2222 641 2258; x_wconf 88' lang='lat' dir='ltr'><strong>tamquam</strong></span> <span class='ocrx_word' id='word_1_427' title='bbox 663 2216 692 2246; x_wconf 88' lang='lat' dir='ltr'><strong>ei</strong></span> <span class='ocrx_word' id='word_1_428' title='bbox 718 2225 878 2246; x_wconf 86' lang='lat' dir='ltr'><strong>venenum</strong></span> <span class='ocrx_word' id='word_1_429' title='bbox 903 2215 1065 2253; x_wconf 83' lang='lat' dir='ltr'><strong>dedisset,</strong></span> <span class='ocrx_word' id='word_1_430' title='bbox 1093 2214 1285 2257; x_wconf 83' lang='lat' dir='ltr'><strong>Sempronia</strong></span> <span class='ocrx_word' id='word_1_431' title='bbox 1316 2223 1401 2243; x_wconf 72' lang='lat' dir='ltr'><strong>uxor</strong></span> <span class='ocrx_word' id='word_1_432' title='bbox 1424 2212 1498 2244; x_wconf 89' lang='lat' dir='ltr'><strong>hinc</strong></span> 
     </span>
     <span class='ocr_line' id='line_1_44' title="bbox 87 2256 1499 2303; baseline -0.004 -9"><span class='ocrx_word' id='word_1_433' title='bbox 87 2261 243 2300; x_wconf 82' lang='lat' dir='ltr'><strong>maxime,</strong></span> <span class='ocrx_word' id='word_1_434' title='bbox 262 2261 345 2303; x_wconf 80' lang='lat' dir='ltr'><strong>quod</strong></span> <span class='ocrx_word' id='word_1_435' title='bbox 365 2272 462 2293; x_wconf 89' lang='lat' dir='ltr'><strong>soror</strong></span> <span class='ocrx_word' id='word_1_436' title='bbox 479 2266 567 2293; x_wconf 87' lang='lat' dir='ltr'><strong>esset</strong></span> <span class='ocrx_word' id='word_1_437' title='bbox 586 2259 830 2299; x_wconf 78' lang='lat' dir='ltr'><strong>Gracchorum,</strong></span> <span class='ocrx_word' id='word_1_438' title='bbox 854 2271 925 2291; x_wconf 91' lang='lat' dir='ltr'><strong>cum</strong></span> <span class='ocrx_word' id='word_1_439' title='bbox 944 2260 1061 2302; x_wconf 87' lang='lat' dir='ltr'><strong>quihus</strong></span> <span class='ocrx_word' id='word_1_440' title='bbox 1078 2260 1231 2290; x_wconf 78' lang='lat' dir='ltr'><strong>simultas</strong></span> <span class='ocrx_word' id='word_1_441' title='bbox 1251 2258 1409 2289; x_wconf 70' lang='lat' dir='ltr'><strong>Africano</strong></span> <span class='ocrx_word' id='word_1_442' title='bbox 1429 2256 1499 2289; x_wconf 76' lang='lat' dir='ltr'><strong>fuc-</strong></span> 
     </span>
     <span class='ocr_line' id='line_1_45' title="bbox 87 2302 1498 2346; baseline -0.003 -8"><span class='ocrx_word' id='word_1_443' title='bbox 87 2311 159 2345; x_wconf 71' lang='lat' dir='ltr'><strong>rat,</strong></span> <span class='ocrx_word' id='word_1_444' title='bbox 178 2307 217 2337; x_wconf 88' lang='lat' dir='ltr'><strong>de</strong></span> <span class='ocrx_word' id='word_1_445' title='bbox 236 2311 341 2337; x_wconf 88' lang='lat' dir='ltr'><strong>morte</strong></span> <span class='ocrx_word' id='word_1_446' title='bbox 359 2311 466 2337; x_wconf 87' lang='lat' dir='ltr'><strong>tamen</strong></span> <span class='ocrx_word' id='word_1_447' title='bbox 486 2306 554 2337; x_wconf 85' lang='lat' dir='ltr'><strong>eius</strong></span> <span class='ocrx_word' id='word_1_448' title='bbox 573 2305 660 2335; x_wconf 74' lang='lat' dir='ltr'><strong>utilia</strong></span> <span class='ocrx_word' id='word_1_449' title='bbox 677 2305 826 2346; x_wconf 80' lang='lat' dir='ltr'><strong>quaestio</strong></span> <span class='ocrx_word' id='word_1_450' title='bbox 844 2310 929 2336; x_wconf 91' lang='lat' dir='ltr'><strong>acta.</strong></span> <span class='ocrx_word' id='word_1_451' title='bbox 959 2304 1112 2336; x_wconf 83' lang='lat' dir='ltr'><strong>defuncto</strong></span> <span class='ocrx_word' id='word_1_452' title='bbox 1131 2315 1169 2334; x_wconf 88' lang='lat' dir='ltr'><strong>co</strong></span> <span class='ocrx_word' id='word_1_453' title='bbox 1189 2304 1297 2334; x_wconf 88' lang='lat' dir='ltr'><strong>acrius</strong></span> <span class='ocrx_word' id='word_1_454' title='bbox 1317 2302 1498 2334; x_wconf 87' lang='lat' dir='ltr'><strong>seditiones</strong></span> 
     </span>
     <span class='ocr_line' id='line_1_46' title="bbox 87 2347 1498 2391; baseline -0.003 -8"><span class='ocrx_word' id='word_1_455' title='bbox 87 2351 317 2384; x_wconf 83' lang='lat' dir='ltr'><strong>triumvirales</strong></span> <span class='ocrx_word' id='word_1_456' title='bbox 346 2354 554 2382; x_wconf 82' lang='lat' dir='ltr'><strong>exarserunt.</strong></span> <span class='ocrx_word' id='word_1_457' title='bbox 603 2350 637 2380; x_wconf 82' lang='lat' dir='ltr'><strong>C.</strong></span> <span class='ocrx_word' id='word_1_458' title='bbox 663 2350 875 2391; x_wconf 77' lang='lat' dir='ltr'><strong>Sempronius</strong></span> <span class='ocrx_word' id='word_1_459' title='bbox 900 2350 1014 2381; x_wconf 89' lang='lat' dir='ltr'><strong>consul</strong></span> <span class='ocrx_word' id='word_1_460' title='bbox 1045 2351 1205 2380; x_wconf 71' lang='lat' dir='ltr'><strong>adversus</strong></span> <span class='ocrx_word' id='word_1_461' title='bbox 1230 2348 1369 2390; x_wconf 63' lang='lat' dir='ltr'><strong>lapydas</strong></span> <span class='ocrx_word' id='word_1_462' title='bbox 1393 2347 1498 2389; x_wconf 88' lang='lat' dir='ltr'><strong>primo</strong></span> 
     </span>
     <span class='ocr_line' id='line_1_47' title="bbox 88 2392 1498 2437; baseline -0.003 -9"><span class='ocrx_word' id='word_1_463' title='bbox 88 2397 174 2428; x_wconf 88' lang='lat' dir='ltr'><strong>male</strong></span> <span class='ocrx_word' id='word_1_464' title='bbox 194 2408 260 2428; x_wconf 92' lang='lat' dir='ltr'><strong>rem</strong></span> <span class='ocrx_word' id='word_1_465' title='bbox 279 2396 400 2437; x_wconf 74' lang='lat' dir='ltr'><strong>gessit,</strong></span> <span class='ocrx_word' id='word_1_466' title='bbox 425 2405 496 2426; x_wconf 75' lang='lat' dir='ltr'><strong>mox</strong></span> <span class='ocrx_word' id='word_1_467' title='bbox 523 2394 662 2425; x_wconf 78' lang='lat' dir='ltr'><strong>victoria</strong></span> <span class='ocrx_word' id='word_1_468' title='bbox 687 2395 812 2426; x_wconf 83' lang='lat' dir='ltr'><strong>cladem</strong></span> <span class='ocrx_word' id='word_1_469' title='bbox 838 2400 1004 2437; x_wconf 82' lang='lat' dir='ltr'><strong>acceptam</strong></span> <span class='ocrx_word' id='word_1_470' title='bbox 1029 2393 1214 2425; x_wconf 68' lang='lat' dir='ltr'><strong>eun-nutavit</strong></span> <span class='ocrx_word' id='word_1_471' title='bbox 1233 2393 1358 2424; x_wconf 81' lang='lat' dir='ltr'><strong>virtute</strong></span> <span class='ocrx_word' id='word_1_472' title='bbox 1376 2392 1498 2424; x_wconf 84' lang='lat' dir='ltr'><strong>Decimi</strong></span> 
     </span>
     <span class='ocr_line' id='line_1_48' title="bbox 88 2439 873 2481; baseline -0.003 -8"><span class='ocrx_word' id='word_1_473' title='bbox 88 2440 157 2473; x_wconf 89' lang='lat' dir='ltr'><strong>luni</strong></span> <span class='ocrx_word' id='word_1_474' title='bbox 175 2441 281 2480; x_wconf 84' lang='lat' dir='ltr'><strong>Bruti,</strong></span> <span class='ocrx_word' id='word_1_475' title='bbox 300 2441 371 2472; x_wconf 85' lang='lat' dir='ltr'><strong>eius</strong></span> <span class='ocrx_word' id='word_1_476' title='bbox 389 2440 442 2481; x_wconf 91' lang='lat' dir='ltr'><strong>qui</strong></span> <span class='ocrx_word' id='word_1_477' title='bbox 462 2439 664 2470; x_wconf 85' lang='lat' dir='ltr'><strong>Lusitaniam</strong></span> <span class='ocrx_word' id='word_1_478' title='bbox 683 2440 873 2480; x_wconf 81' lang='lat' dir='ltr'><strong>subegerat.</strong></span> 
     </span>
    </p>
   </div>
   <div class='ocr_carea' id='block_1_6' title="bbox 666 2518 917 2551">
    <p class='ocr_par' dir='ltr' id='par_1_6' title="bbox 666 2518 917 2551">
     <span class='ocr_line' id='line_1_49' title="bbox 666 2518 917 2551; baseline 0.004 -1"><span class='ocrx_word' id='word_1_479' title='bbox 666 2518 727 2551; x_wconf 78' lang='lat' dir='ltr'><strong>Ex</strong></span> <span class='ocrx_word' id='word_1_480' title='bbox 751 2519 826 2551; x_wconf 82' lang='lat' dir='ltr'><strong>LlB.</strong></span> <span class='ocrx_word' id='word_1_481' title='bbox 846 2519 917 2551; x_wconf 78' lang='lat' dir='ltr'><strong>Lx.</strong></span> 
     </span>
    </p>
   </div>
   <div class='ocr_carea' id='block_1_7' title="bbox 92 2570 1499 2661">
    <p class='ocr_par' dir='ltr' id='par_1_7' title="bbox 92 2570 1499 2661">
     <span class='ocr_line' id='line_1_50' title="bbox 181 2570 1499 2612; baseline -0.004 -6"><span class='ocrx_word' id='word_1_482' title='bbox 181 2574 217 2606; x_wconf 86' lang='lat' dir='ltr'><strong>L.</strong></span> <span class='ocrx_word' id='word_1_483' title='bbox 236 2574 392 2605; x_wconf 76' lang='lat' dir='ltr'><strong>Aurelius</strong></span> <span class='ocrx_word' id='word_1_484' title='bbox 415 2573 528 2604; x_wconf 87' lang='lat' dir='ltr'><strong>cousul</strong></span> <span class='ocrx_word' id='word_1_485' title='bbox 553 2573 716 2605; x_wconf 83' lang='lat' dir='ltr'><strong>bellantes</strong></span> <span class='ocrx_word' id='word_1_486' title='bbox 736 2573 858 2605; x_wconf 81' lang='lat' dir='ltr'><strong>Sardos</strong></span> <span class='ocrx_word' id='word_1_487' title='bbox 877 2573 1017 2612; x_wconf 76' lang='lat' dir='ltr'><strong>subegit.</strong></span> <span class='ocrx_word' id='word_1_488' title='bbox 1054 2571 1096 2602; x_wconf 87' lang='grc' dir='ltr'><strong>Μ.</strong></span> <span class='ocrx_word' id='word_1_489' title='bbox 1117 2571 1253 2602; x_wconf 78' lang='lat' dir='ltr'><strong>Fulvius</strong></span> <span class='ocrx_word' id='word_1_490' title='bbox 1274 2570 1413 2602; x_wconf 80' lang='lat' dir='ltr'><strong>Flaccus</strong></span> <span class='ocrx_word' id='word_1_491' title='bbox 1433 2571 1499 2611; x_wconf 92' lang='lat' dir='ltr'><strong>pri—</strong></span> 
     </span>
     <span class='ocr_line' id='line_1_51' title="bbox 92 2615 1498 2661; baseline -0.004 -9"><span class='ocrx_word' id='word_1_492' title='bbox 92 2630 162 2652; x_wconf 85' lang='lat' dir='ltr'><strong>mus</strong></span> <span class='ocrx_word' id='word_1_493' title='bbox 180 2620 402 2661; x_wconf 84' lang='lat' dir='ltr'><strong>transalpinos</strong></span> <span class='ocrx_word' id='word_1_494' title='bbox 423 2618 562 2657; x_wconf 85' lang='lat' dir='ltr'><strong>Ligures</strong></span> <span class='ocrx_word' id='word_1_495' title='bbox 587 2618 710 2649; x_wconf 86' lang='lat' dir='ltr'><strong>domuit</strong></span> <span class='ocrx_word' id='word_1_496' title='bbox 736 2619 841 2654; x_wconf 79' lang='lat' dir='ltr'><strong>bcilo,</strong></span> <span class='ocrx_word' id='word_1_497' title='bbox 866 2619 987 2649; x_wconf 82' lang='lat' dir='ltr'><strong>missus</strong></span> <span class='ocrx_word' id='word_1_498' title='bbox 1012 2617 1041 2648; x_wconf 93' lang='lat' dir='ltr'><strong>iu</strong></span> <span class='ocrx_word' id='word_1_499' title='bbox 1063 2617 1221 2648; x_wconf 77' lang='lat' dir='ltr'><strong>auxilium</strong></span> <span class='ocrx_word' id='word_1_500' title='bbox 1242 2615 1498 2647; x_wconf 79' lang='lat' dir='ltr'><strong>Massiliensium</strong></span> 
     </span>
    </p>
   </div>
   <div class='ocr_carea' id='block_1_8' title="bbox 956 1305 1109 1308">
    <p class='ocr_par' dir='ltr' id='par_1_8' title="bbox 956 1305 1109 1308">
     <span class='ocr_line' id='line_1_52' title="bbox 956 1305 1109 1308; baseline 0 0"><span class='ocrx_word' id='word_1_501' title='bbox 956 1305 1109 1308; x_wconf 95' lang='lat' dir='ltr'><strong> </strong></span> 
     </span>
    </p>
   </div>
  </div>
 </body>
</html>
