1712 2825
87 207 114 225 a.
135 199 187 226 Ch.
211 199 272 224 183.
530 186 658 220 LIBER
682 185 849 219 XXXIX.
898 185 993 219 CAP.
1011 187 1067 219 54.

1417 188 1497 229 107

88 293 269 344 adempta
296 301 467 342 quaeque
488 288 556 328 alia
578 293 643 329 aut
661 288 892 340 populantes
915 300 1028 339 agros
1049 295 1260 340 rapuerant
1279 295 1345 330 aut
1365 302 1496 330 secum

86 349 313 388 adtulerant.
348 347 395 385 de
410 346 472 384 his
488 345 604 384 rebus
622 345 686 397 qui
699 349 951 397 quererentur
961 345 1106 396 legatos
1119 345 1283 385 Romam
1294 347 1496 387 miserunt.

87 403 296 444 introducti
321 403 360 442 in
383 407 560 441 senatum
578 415 596 441 a
615 401 654 441 C.
672 401 820 442 Valerio
844 408 1024 453 praetore
1039 408 1304 453 exposuerunt
1319 417 1361 442 se
1377 416 1496 456 supe-

84 466 193 501 rante
207 461 248 499 in
262 459 379 499 Gallia
396 459 642 498 multitudine
657 458 789 510 inopia
811 464 966 498 coactos
983 458 1062 510 agri
1079 463 1117 498 et
1132 464 1300 510 egestate
1316 460 1362 498 ad
1380 473 1498 511 quae-

84 517 244 557 rendam
271 516 402 555 sedem
423 516 539 566 Alpes
565 520 852 567 transgressos,
881 527 977 566 quae
1001 515 1144 554 inculta
1171 528 1242 567 per
1268 516 1496 555 solitudines

1526 409 1546 441 5

84 573 268 621 viderent,
288 573 340 612 ibi
361 572 443 611 sine
464 572 577 611 ullius
594 572 732 611 iniuria
749 572 992 620 consedisse3
1014 572 1203 624 oppidum
1221 584 1376 623 quoque
1392 573 1497 612 aedi·
1526 579 1546 612 6

83 631 198 669 ficare
227 629 422 681 coepisse,
449 629 553 680 quod
580 628 765 668 indicium
794 632 899 667 esset
923 640 996 668 nec
1021 641 1112 679 agro
1135 640 1206 667 nec
1225 628 1312 667 urbi
1332 628 1399 667 ulli
1420 629 1497 668 vim

84 687 280 726 adlaturos
296 686 464 725 venisse.
499 697 624 736 nuper
639 686 687 724 M.
706 684 906 724 Claudium
925 685 973 725 ad
990 697 1032 724 se
1047 685 1228 724 nuntium
1244 685 1401 724 misisse
1415 685 1498 724 bel-

83 743 164 782 lum
186 756 228 782 se
249 755 335 782 cum
353 742 411 788 iis,
429 741 469 781 ni
485 742 729 789 dederentur,
747 747 960 793 gesturum.
1002 754 1044 780 se
1060 747 1203 781 certam
1220 742 1291 781 etsi
1307 754 1388 781 non
1405 754 1497 794 spe·
1527 750 1546 781 7

85 801 230 839 ciosam
251 812 385 851 pacem
409 811 523 850 quam
544 798 689 838 incerta
710 798 795 838 belli
816 802 1092 850 praeoptantes
1114 799 1307 837 dedidisse
1328 812 1370 838 se
1385 799 1495 850 prius

83 856 123 895 in
149 856 266 895 fidem
294 868 411 907 quam
438 856 478 895 in
504 860 737 906 potestatem
758 855 894 907 populi
915 855 1092 894 Romani.
1133 860 1226 906 post
1245 868 1391 907 paucos
1414 855 1496 895 dies
1526 862 1546 895 8

82 913 214 952 iussos
235 917 273 952 et
295 912 388 952 urbe
408 917 446 951 et
466 924 558 963 agro
581 912 765 951 decedere
786 924 871 950 sese
890 912 1029 951 tacitos
1052 911 1176 958 abire,
1208 924 1284 963 quo
1305 917 1497 952 terrarum

82 974 258 1021 possent,
280 969 320 1008 in
340 968 470 1008 animo
488 969 684 1008 habuisse.
726 980 831 1007 arma
850 968 988 1008 deinde
1005 968 1077 1007 sibi
1093 973 1131 1007 et
1145 973 1347 1020 postremo
1366 969 1498 1008 omnia

83 1026 167 1073 alia,
189 1038 286 1077 quae
306 1025 455 1065 ferrent
474 1030 718 1077 agerentque,
741 1025 931 1076 adempta.
973 1037 1083 1064 orare
1103 1037 1144 1064 se
1165 1030 1345 1065 senatum
1366 1038 1497 1077 popu·
1527 1033 1547 1066 9

82 1083 240 1133 lumque
260 1082 500 1126 Romanum,
529 1094 579 1121 ne
605 1083 646 1121 in
674 1095 716 1120 se
743 1081 924 1121 innoxios
952 1081 1102 1120 deditos
1124 1081 1298 1121 acerbius
1321 1094 1436 1132 quam
1457 1082 1496 1120 in

82 1138 219 1178 hostes
241 1139 442 1177 saevirent.
482 1139 573 1177 huic
594 1138 758 1177 orationi
780 1142 937 1177 senatus
953 1138 1003 1176 ita
1019 1138 1250 1188 responderi
1266 1138 1398 1177 iussit:
1426 1150 1496 1177 ne-

85 1207 158 1246 que
184 1194 269 1234 illos
301 1200 403 1233 recte
430 1194 586 1243 fecisse,
617 1207 706 1233 cum
735 1193 775 1232 in
802 1194 948 1233 Italiam
977 1194 1152 1233 venerint
1171 1194 1437 1246 oppidumque
1457 1194 1498 1234 in

85 1251 207 1290 alieno
236 1263 327 1301 agro
355 1250 498 1289 nullius
520 1251 686 1290 Romani
707 1250 976 1301 magistratus,
1004 1251 1068 1302 qui
1089 1250 1121 1289 ei
1143 1251 1364 1301 provinciae
1385 1264 1499 1302 prae-

83 1312 199 1353 esset,
217 1307 411 1358 permissu
424 1307 624 1346 aedificare
638 1306 764 1346 conati
777 1306 865 1354 sint,
878 1319 1002 1358 neque
1014 1307 1164 1346 senatui
1181 1307 1333 1358 placere
1345 1307 1498 1346 deditos

84 1364 252 1414 spoliari.
293 1364 422 1414 itaque
452 1376 494 1402 se
523 1376 609 1402 cum
638 1363 683 1402 iis
710 1363 857 1414 legatos
885 1363 932 1402 ad
959 1363 1161 1402 consulem
1184 1363 1393 1411 missuros,
1416 1363 1494 1415 qui,

83 1421 115 1460 si
138 1421 308 1467 redeant,
329 1420 432 1459 unde
448 1420 632 1467 venerint,
652 1420 781 1459 omnia
798 1419 844 1460 iis
862 1431 931 1459 sua
948 1420 1055 1459 reddi
1072 1419 1228 1459 iubeant
1243 1419 1384 1472 quique
1401 1433 1497 1472 pro-

83 1532 189 1573 gleich
212 1533 275 1564 ihm
294 1543 322 1564 c.
339 1532 381 1563 45
401 1532 459 1564 das
477 1532 647 1575 imperium
666 1532 755 1564 nicht

83 1578 278 1617 verlangert
292 1578 345 1617 ist,
365 1588 392 1609 S.
405 1577 459 1618 35,
481 1578 509 1618 1,
527 1577 558 1618 3,
575 1578 640 1609 und
655 1588 683 1609 c.
697 1577 754 1616 45,

84 1623 103 1654 5
122 1624 182 1655 der
199 1623 320 1655 Priitor
337 1623 442 1654 Julius
461 1623 522 1654 den
540 1622 683 1663 Austrag
701 1633 757 1654 er-

85 1668 196 1700 halten
215 1668 270 1699 hat
288 1668 340 1698 die
359 1667 487 1699 Gallier
504 1678 546 1698 zu
565 1666 751 1699 entfernen.

86 1730 129 1735 —
161 1712 338 1755 adempta,
382 1713 433 1744 als
473 1712 658 1752 dediticiis,
698 1711 753 1750 28,

132 1801 219 1834 5-9.
245 1801 396 1841 Valerio,
414 1813 442 1833 c.
460 1802 514 1841 45,
533 1801 564 1833 2.
578 1821 622 1824 -
639 1812 754 1845 super.

85 1847 195 1886 mult„
214 1847 275 1878 wie
295 1847 323 1887 5,
343 1847 397 1887 214,
416 1847 444 1887 2,
463 1847 529 1885 vgl.
549 1858 576 1878 c.
591 1846 647 1887 22,
666 1848 697 1878 6.
711 1865 756 1870 ——

85 1893 133 1924 ibi
149 1906 171 1918 =
186 1894 219 1923 in
238 1894 291 1923 iis.
310 1909 353 1914 ——
377 1891 489 1933 ullius,
514 1891 535 1932 ξ
562 1891 617 1923 13;
643 1895 757 1924 cuius-

85 1947 196 1980 quam,
214 1936 245 1976 6,
267 1937 316 1977 15,
338 1937 395 1974 10,
416 1937 468 1975 24,
486 1937 540 1975 47,
563 1937 614 1968 10.
635 1955 680 1961 —
702 1940 756 1969 in-

86 1985 180 2015 certa
197 1983 240 2022 b.,
258 1981 312 2022 30,
331 1982 359 2021 2,
376 1982 413 2019 6,
439 1981 492 2021 25,
518 1982 568 2020 15,
594 1982 654 2023 20,
681 1993 753 2014 zum

87 2027 265 2060 Gedanken
290 2037 317 2059 s.
342 2027 402 2066 30,
427 2027 488 2067 30,
513 2027 565 2058 19.
587 2045 632 2051 —·
653 2038 754 2071 prae·

87 2075 166 2117 opt.,
179 2073 237 2104 das
255 2072 408 2112 Verbum,
424 2073 567 2104 welches
581 2073 643 2104 den
659 2072 757 2104 Com-

85 2117 336 2161 parativbegriff
346 2117 484 2156 enthiilt,
501 2118 583 2149 wird
598 2128 635 2150 so
649 2119 758 2149 mehr·

88 2163 160 2194 sach
179 2163 412 2203 nachgcstellt,
430 2174 457 2194 s.
477 2161 530 2202 28,
549 2163 603 2201 40,
626 2164 683 2202 11,
703 2163 759 2203 22,

89 2208 143 2246 34,
178 2207 228 2239 11.
257 2226 298 2231 —-
329 2210 426 2251 prius
456 2212 532 2247 etc„
562 2209 610 2239 sie
641 2209 754 2240 hiitten

91 2254 159 2284 sich
184 2254 285 2284 durch
311 2253 379 2284 ihre
403 2253 526 2284 deditio
550 2254 647 2292 cher,
674 2265 700 2285 s.
727 2265 756 2286 c.

89 2298 143 2336 32,
167 2298 224 2336 11,
243 2298 295 2336 22,
315 2297 368 2335 34,
386 2298 406 2327 0
424 2308 454 2328 ιι.
474 2309 515 2337 ιι.,
535 2299 625 2329 mehr
643 2300 673 2330 in
692 2299 753 2330 den

91 2344 215 2376 Schutz
233 2343 292 2374 der
307 2342 342 2374 R.
363 2343 507 2381 begeben
526 2343 575 2374 als
591 2344 679 2374 ihrer
693 2344 760 2376 Ge-

87 2388 169 2420 walt
186 2386 424 2425 nutem-orfeu,
443 2389 532 2418 ‹liese
547 2389 693 2420 miisston
709 2390 758 2421 sic

87 2435 189 2465 daher
217 2434 308 2465 mehr
336 2434 386 2464 uls
410 2433 576 2474 supplices
601 2434 684 2465 ‹lenn
708 2435 758 2465 uls

93 2479 179 2510 hello
198 2479 291 2519 virli,
311 2479 351 2510 ih.
372 2479 456 2516 215st
479 2489 508 2509 u.
529 2479 671 2510 nachher
687 2480 708 2519 ξ
727 2482 757 2518 ti,

89 2523 289 2562 behandc1113
323 2525 404 2554 aiu-h
435 2524 504 2554 hier
532 2524 585 2562 ist,
616 2525 676 2555 wic
707 2525 758 2556 hei

89 2569 150 2600 den
167 2569 323 2601 Aetoli-,ru
341 2570 392 2606 3⁸¹»,
409 2570 462 2609 27,
478 2570 507 2605 ὅ,
525 2569 581 2599 «las
599 2569 759 2601 Μίδωνι·-

92 2614 259 2646 sliindniss
277 2615 378 2646 durch
394 2615 446 2646 die
463 2614 593 2646 Forinel
609 2617 642 2646 ιή
651 2615 759 2657 fidem

826 1543 863 1564 se
886 1531 1022 1573 dedere,
1047 1542 1074 1564 s.
1099 1531 1157 1571 38,
1182 1532 1241 1573 31,
1265 1532 1303 1571 2,
1329 1531 1383 1571 37,
1409 1531 1439 1574 6,
1464 1532 1495 1572 6,

827 1577 1028 1609 veranlasst.
1042 1595 1087 1601 —·
1101 1579 1233 1618 tacitos,
1250 1578 1280 1609 in
1298 1578 1383 1609 aller
1395 1576 1498 1617 Rube,

827 1623 911 1654 ohne
930 1623 997 1654 sich
1016 1633 1056 1654 zu
1081 1623 1316 1654 widersetzen.
1339 1624 1500 1664 —serre

827 1678 897 1709 agn,
921 1667 980 1706 38,
1009 1667 1060 1707 18,
1089 1667 1139 1700 15.
1163 1686 1208 1691 -
1232 1669 1351 1700 innox.
1382 1667 1499 1709 dedit„

828 1712 1060 1751 Unschuldige‚
1080 1713 1132 1744 die
1150 1713 1218 1744 sich
1236 1713 1267 1744 in
1293 1713 1355 1745 den
1375 1713 1498 1745 Schutz

830 1757 977 1797 begeben
997 1757 1123 1789 hatten.

878 1846 1012 1878 10-12.
1050 1850 1141 1879 recte
1164 1848 1254 1889 sec„
1284 1852 1379 1880 sonst
1408 1849 1501 1881 mehr

828 1902 891 1922 von
913 1891 1130 1931 Magistraten
1149 1893 1213 1924 und
1233 1893 1416 1926 Feldherrn
1441 1904 1499 1935 ge-

828 1941 921 1977 sagt,
951 1937 1009 1975 24,
1042 1937 1104 1977 31,
1137 1939 1172 1977 Τ,
1205 1937 1263 1976 28,
1295 1938 1434 1977 39,18.
1457 1958 1493 1962 —

827 1983 994 2022 venerint,
1020 1982 1048 2013 in
1076 1987 1159 2014 orat.
1186 1988 1293 2015 recta:
1313 1985 1457 2026 fecistis
1481 2003 1502 2007 —

827 2037 903 2059 cum
942 2029 1101 2067 vem·.‚ste·s
1139 2028 1191 2059 die
1222 2029 1387 2070 jiingeren
1423 2029 1498 2061 Hss.

830 2072 934 2104 haben
968 2075 1132 2113 vetarent,
1171 2082 1240 2106 was
1267 2076 1458 2116 sociebalts
1481 2094 1502 2098 —

829 2119 1027 2159 veniebatis,
1057 2128 1083 2150 s.
1115 2118 1180 2150 Cic.
1207 2118 1296 2151 Fam.
1330 2120 1362 2160 l,
1392 2120 1429 2159 9,
1463 2121 1501 2159 5,

830 2163 1500 2205 adssrut.1‚15,S;Att.3,10,2u.

834 2219 876 2250 a„
894 2213 1137 2241 voraussetzen
1156 2210 1237 2242 uber
1253 2220 1293 2242 an
1313 2222 1344 2242 u.
1364 2211 1414 2243 St.
1433 2222 1501 2242 we-

829 2255 924 2294 niger
953 2255 1095 2296 passend
1132 2255 1202 2286 sein
1240 2256 1366 2287 wiirde.
1397 2275 1441 2279 —
1469 2257 1501 2286 ei

826 2311 934 2343 prov„
963 2300 1022 2331 dus
1047 2300 1136 2331 Land
1161 2301 1221 2332 der
1245 2300 1392 2333 venetur
1416 2301 1497 2331 wird

831 2345 882 2376 als
915 2355 975 2376 zur
1001 2344 1143 2376 l'rovinz
1169 2345 1299 2377 Gallien
1331 2345 1498 2385 genili-end

832 2390 1031 2427 betracbtet,
1050 2402 1076 2421 s.
1093 2402 1120 2421 c.
1137 2391 1189 2425 55,
1210 2392 1245 2429 2,
1266 2391 1318 2425 45,
1335 2393 1371 2427 5,
1392 2391 1426 2428 Τ,
1447 2391 1500 2428 40,

833 2435 888 2474 34,
913 2434 944 2474 2,
970 2435 1037 2474 vgl.
1064 2436 1116 2473 32,
1150 2436 1175 2473 l,
1201 2437 1238 2473 2,
1267 2435 1443 2466 Mommsen
1472 2434 1500 2474 1,

832 2481 908 2511 5:33.
940 2500 943 2502 -
976 2500 979 2502 -
1009 2492 1081 2523 neq.
1113 2492 1181 2511 svn.
1211 2481 1306 2523 plac,
1338 2480 1499 2511 inildernd

833 2530 931 2557 stati:
950 2537 1009 2557 nec
1028 2525 1259 2567 proconsulum
1287 2537 1316 2556 n.
1342 2526 1501 2567 recluse—

833 2573 928 2602 cisse.
947 2589 989 2593 —
1008 2571 1107 2602 (Imm.
1126 2582 1187 2613 sp.,
1214 2570 1279 2609 vgl.
1305 2570 1358 2607 -10,
1389 2570 1435 2611 10,
1460 2571 1497 2609 (ἰ,

831 2616 885 2655 42,
905 2616 934 2655 8,
953 2616 983 2647 6.
1003 2633 1046 2638 ——
1063 2617 1231 2658 protinus,
1251 2625 1276 2646 s.
1302 2615 1355 2654 2⁹5,
1384 2616 1434 2656 13,
1458 2616 1497 2654 -13

1529 1146 1569 1179 10

1531 1374 1569 1407 11
