1712 2825
125 325 164 358 12

136 431 161 470 ’7

142 494 162 525 2

607 156 735 192 LIBER
761 157 928 191 XXXXI.
980 158 1074 191 CAP.
1099 158 1133 190 6.
1159 159 1191 190 7.

195 160 279 200 226

194 261 358 301 Rhodiis
378 272 451 300 nec
469 259 569 300 ullos
591 260 655 300 alii
675 262 868 312 cuiquam,
890 261 956 312 qui
976 261 1055 300 nati
1075 259 1184 300 liberi
1207 260 1297 308 sint,
1319 260 1360 299 in
1380 259 1604 301 servitutem
1704 296 1712 305 ,,

195 318 276 357 dari
297 317 468 369 placere3
488 317 625 368 Lycios
654 317 704 356 ita
733 317 806 356 sub
829 317 1074 356 Rhodiorum
1102 316 1220 357 simul
1241 316 1407 368 imperio
1429 321 1468 356 et
1486 316 1604 357 tutela
1663 316 1706 372 31³.

195 386 295 422 esse,
316 378 360 413 ut
378 374 419 413 in
440 373 591 413 dicione
611 373 746 425 populi
766 373 931 412 Romani
953 373 1122 413 civitates
1143 373 1271 414 sociae
1290 374 1381 412 sint.
1651 374 1674 402 i'
1691 374 1710 395 ’ὖ

308 429 514 481 Triumphi
536 430 675 468 deinde
691 443 735 469 ex
753 429 936 480 Hispania
955 429 1031 468 duo
1048 430 1223 469 continui
1240 430 1325 469 acti.
1365 428 1476 481 prior
1491 428 1604 468 Sem·

192 487 355 537 pronius
379 486 575 526 Gracchus
597 486 643 525 de
670 485 868 525 Celtiberis
899 486 1094 537 sociisque
1116 499 1274 534 eorum,
1297 491 1457 537 postero
1479 485 1539 524 die
1558 485 1603 525 L.
1647 510 1655 518 ³

191 543 418 582 Postumius
437 544 483 582 de
498 542 694 581 Lusitanis
712 542 872 593 aliisque
888 542 1060 581 eiusdem
1077 543 1246 593 regionis
1263 542 1446 594 Hispanis
1460 541 1604 581 trium-

191 600 334 650 phavit.
358 599 608 650 quadraginta
620 599 724 637 milia
738 599 870 649 pondo
885 599 1032 649 argenti
1043 599 1100 638 Ti.
1112 599 1308 638 Gracchus
1320 598 1533 645 transtulit,
1544 597 1602 637 vi-

143 662 162 693 3
192 656 284 706 ginti
298 655 402 695 milia
415 655 590 694 Albinus.
622 655 807 694 militibus
821 655 1000 694 denarios
1014 656 1156 706 quinos
1169 656 1340 703 vicenos,
1359 654 1499 706 duplex
1511 666 1605 694 cen-
1655 694 1658 696 .

139 834 162 866 4

140 891 158 921 5

139 1001 158 1033 6

189 712 348 757 turioni,
365 711 505 763 triplex
521 711 636 763 equiti
653 711 767 750 ambo
786 711 1009 759 diviserunt,
1022 712 1138 751 sociis
1154 712 1398 752 tantumdem
1415 715 1604 763 quantum
1651 753 1654 756 ,

189 768 396 807 Romanis.

305 825 379 863 Per
405 823 564 862 eosdem
591 823 692 863 forte
720 823 801 862 dies
828 825 876 863 M.
905 824 1039 864 Iunius
1069 825 1206 864 consul
1234 837 1280 863 ex
1306 823 1450 863 Histria
1478 823 1603 863 comi-

187 881 334 919 tiorum
353 893 467 919 causa
488 880 654 919 Romam
677 881 792 918 venit.
832 893 919 919 eum
951 893 1038 920 cum
1067 882 1106 920 in
1136 886 1271 920 senatu
1291 880 1519 931 fatigassent
1537 879 1600 919 in·-

187 936 515 987 terrogationibus
536 936 682 975 tribuni
705 936 826 987 plebis
848 937 1025 988 Papirius
1047 943 1083 976 et
1103 937 1273 977 Licinius
1296 937 1343 976 de
1365 937 1424 985 iis,
1445 949 1542 988 quae
1561 936 1603 976 in

189 993 330 1032 Histria
353 997 487 1031 essent
507 998 608 1037 acta,
633 993 671 1031 in
693 993 916 1032 contionem
939 1006 1093 1045 quoque
1115 994 1395 1045 produxerunt.
1436 993 1483 1032 ad
1504 1005 1601 1044 quae

191 1062 282 1088 cum
314 1049 451 1088 consul
478 1061 520 1087 se
547 1049 627 1087 dies
662 1061 742 1087 non
775 1049 864 1099 plus
898 1050 1076 1088 undecim
1105 1051 1145 1089 in
1180 1063 1224 1089 ea
1251 1049 1451 1100 provincia
1477 1049 1602 1088 fuisse

190 1106 469 1157 responderet,
500 1117 597 1156 quae
633 1117 674 1143 se
699 1105 856 1144 absente
883 1111 963 1145 acta
992 1112 1141 1153 essent,
1170 1119 1211 1145 se
1240 1118 1406 1157 quoque,
1433 1110 1476 1144 ut
1504 1105 1602 1153 illos,
1658 1134 1674 1144 v.

138 1173 156 1203 7
185 1162 288 1201 fama
319 1167 518 1213 comperta
548 1161 710 1208 habere,
740 1162 1051 1213 exsequebantur
1080 1162 1218 1202 deinde
1241 1167 1487 1214 quaerentes,
1508 1161 1601 1214 quid
1663 1175 1695 1211 2».

1440 174 1468 194 a.
1489 174 1519 193 ιι.
1536 168 1600 198 57⁶.
1630 149 1689 195 ἐμὲ.
1707 195 1712 202 ,

183 1270 249 1314 τὴν
268 1271 432 1305 {iol-av
449 1268 619 1325 εὕρηνται
636 1270 777 1306 Λύκιοι
793 1271 850 1305 δε

186 1317 304 1362 ὃομέι
300 1329 342 1349 οι
356 1303 516 1354 Ροδίοις
534 1315 600 1349 οὐκ
617 1316 657 1350 ἐν
675 1316 850 1360 δωρε(ἷ(ε.

183 1374 224 1394 zu
234 1349 263 1405 ξ
276 1364 307 1403 S)
313 1360 378 1404 ,τὸ
399 1361 437 1395 δὲ
456 1363 588 1395 πλεῖον
605 1359 651 1398 ὡς
668 1363 770 1406 ᾳίλοι
791 1363 851 1394 καὶ

183 1406 387 1452 σύμμαχοι.
412 1425 454 1430 —
478 1407 538 1439 alii
559 1418 732 1450 cuiquam,
764 1408 854 1440 nicht

181 1453 394 1495 alicuiquam,
412 1462 481 1484 was
500 1453 588 1484 nicht
607 1453 777 1484 lateinisch
798 1454 852 1493 ist,

183 1510 210 1530 s.
229 1509 269 1529 zu
289 1499 356 1530 Cic.
375 1499 463 1529 Sest.
482 1498 535 1536 29,
555 1497 616 1536 63;
637 1508 672 1529 es
692 1508 771 1538 war,
790 1499 852 1530 wie

181 1548 277 1575 sonst
294 1543 478 1583 bisweilen,
495 1543 542 1574 ali¹
557 1548 599 1574 st.
614 1543 674 1574 alii
685 1544 854 1583 geschrie-

181 1589 259 1627 ben3
299 1587 380 1620 iiber
408 1589 459 1620 die
489 1587 854 1620 Nebeneinanderstel-

181 1634 260 1674 lung
285 1645 349 1665 von
372 1635 550 1676 quisquam
575 1644 606 1664 u.
632 1633 721 1665 ullus
746 1643 771 1665 s.
798 1633 851 1673 34,

181 1679 235 1719 35,
260 1679 296 1716 9ς
324 1678 377 1718 35,
402 1678 455 1720 3⁸5,
483 1679 533 1710 10.
557 1696 602 1701 —
628 1680 690 1710 sub
714 1681 794 1722 imp.
820 1681 852 1710 et

181 1727 256 1764 int„
282 1725 329 1755 sie
354 1724 459 1755 sollen
484 1734 576 1755 zwar
599 1724 761 1764 abli'angig
788 1734 850 1755 von

179 1770 240 1801 den
272 1768 330 1801 Rh.
365 1770 448 1809 sein,
480 1769 561 1800 aber
591 1779 652 1800 nur
685 1769 849 1809 insoweit,

179 1815 255 1846 dass
274 1816 323 1845 sie
342 1815 433 1846 nicht
447 1814 516 1845 ilire
531 1814 686 1854 Sclaven,
705 1815 848 1845 sondern

179 1860 282 1891 ihrem
301 1860 444 1891 Schutze
470 1857 655 1901 empsolilen
681 1860 770 1898 sind,
797 1860 847 1891 ein

177 1901 430 1947 ἀενέπιτροπὴ
444 1905 612 1935 iihnlicbes
624 1904 848 1936 Vei-hiiltniss.

178 1967 221 1972 —
239 1951 270 1980 in
289 1949 350 1981 dc'c.
369 1968 391 1972 —
408 1951 519 1980 sociae
536 1949 599 1980 soll
621 1949 683 1980 wol
705 1959 766 1979 nur
790 1950 846 1980 be-

178 1995 315 2026 deuten:
344 1999 442 2025 unter
465 1995 525 2025 dei·
542 1993 848 2025 oben-herrliehkeit

178 2040 238 2071 der
266 2038 387 2070 Riiiner
416 2039 591 2076 stehende,
630 2040 693 2069 und
725 2049 760 2069 so
791 2040 847 2070 init

177 2084 355 2115 denselben
382 2084 586 2115 verbiiudetc
605 2084 759 2121 stantun,
785 2085 846 2114 wie

177 2129 236 2170 21,
261 2129 318 2166 iio,
345 2128 380 2159 3:
406 2139 536 2159 omnem
557 2139 652 2160 oram
677 2147 695 2150 >⁴
718 2130 846 2171 parlim

177 2173 378 2206 renui-andis
401 2175 620 2205 societatibus
639 2192 657 2195 -
677 2173 847 2205 Il'onmtme

175 2219 422 2260 de'cimiissecil,
440 2219 492 2257 22,
511 2219 564 2259 20,
587 2218 595 2248 1
612 2219 635 2257 1,
654 2219 718 2258 vgl.
735 2219 776 2250 ib.
794 2219 847 2259 21,

177 2264 214 2301 5;
252 2265 286 2295 in
323 2264 450 2295 dicione
486 2265 516 2295 in
548 2268 715 2301 sti-eugeni
746 2265 845 2294 Sinna

176 2309 342 2340 Steliende
367 2309 496 2340 kiinnen
527 2309 576 2339 uls
603 2309 706 2347 viillig
730 2314 844 2340 unier-

175 2353 301 2385 wori'en
327 2355 390 2385 und
412 2354 555 2385 riu-iiiios
581 2354 668 2384 nii-lit
693 2355 841 2391 mgb-ich

175 2401 262 2431 socii
278 2399 361 2440 sein,
379 2399 442 2439 vgl.
465 2400 495 2436 9,
516 2400 568 2435 2⁰,
592 2400 628 2435 ὃς
655 2400 708 2438 32,
733 2399 786 2435 33,
812 2402 841 2431 b'.

176 2444 285 2475 NVenn
312 2444 348 2476 L.
372 2445 434 2476 den
459 2444 574 2486 Polyb.
606 2444 675 2474 hivr
705 2444 841 2476 lwnutzt

175 2490 277 2529 hiim,
295 2500 330 2520 so
350 2490 474 2521 miisste
491 2500 528 2520 ei·
545 2489 647 2533 φίλοι
668 2490 725 2519 καὶ
747 2486 838 2529 σύμ-

173 2546 287 2578 μαχοι
308 2535 337 2566 in
357 2535 417 2566 dei·
434 2535 484 2566 ob.
504 2545 578 2574 nug.
597 2534 648 2565 st.
675 2535 839 2572 nuru-mig

174 2581 223 2610 uls
271 2580 564 2620 ssundesgenossen
612 2579 671 2610 dei·
718 2579 838 2610 {tisim-r

927 1275 1029 1314 (nicht
1053 1275 1113 1306 der
1138 1273 1302 1315 Rhodier)
1325 1283 1518 1315 genommen
1542 1274 1601 1306 ha·
1651 1269 1662 1276 ’

923 1319 997 1357 ben,
1016 1320 1055 1351 da
1073 1319 1144 1350 Pol.
1163 1319 1217 1358 26,
1242 1319 1261 1351 8
1280 1329 1338 1360 sag
1341 1324 1370 1350 t:
1395 1317 1459 1351 ἐπὶ
1474 1319 1525 1361 τῷ
1546 1315 1599 1363 μὴ
1658 1329 1664 1334 ·

926 1362 1088 1415 (Ιάσκειν
1106 1361 1332 1418 (Ῥωμαίους)
1351 1362 1390 1397 ἐν
1389 1362 1526 1417 δωρεᾷ
1539 1362 1600 1397 δε-

927 1406 1066 1441 δόσθαι
1081 1420 1165 1445 τους
1177 1411 1344 1446 Λυκίους
1357 1405 1493 1450 αὐτοῖς,
1506 1405 1598 1442 ἀλλὰ
1659 1418 1663 1423 ·

926 1453 1036 1486 κατὰ
1057 1457 1339 1498 συμμαχίαν,
1364 1454 1464 1486 nllein
1487 1454 1597 1486 walir-

926 1500 1105 1531 scheinlich
1125 1500 1180 1531 hat
1197 1510 1234 1531 er
1256 1500 1317 1531 deu
1335 1499 1512 1532 Abschnitt
1533 1499 1597 1531 wie

928 1545 986 1576 das
1005 1544 1212 1585 Vorhergeli.
1230 1555 1261 1576 u.
1281 1544 1376 1584 Folg
1402 1544 1507 1576 einem
1526 1545 1595 1576 An-

927 1590 1070 1621 nalistcn
1090 1590 1252 1629 entlehnt,
1271 1590 1330 1621 der
1347 1590 1399 1621 die
1421 1588 1595 1621 Verhand-

925 1635 1046 1675 lungen
1072 1635 1123 1666 ein
1142 1635 1222 1666 Jahr-
1245 1645 1286 1666 zu
1309 1633 1383 1666 friih
1407 1638 1594 1685 angesetzt,

926 1680 996 1711 Pol.
1024 1691 1051 1711 c.
1078 1680 1111 1710 7:
1135 1676 1228 1723 μετὰ
1252 1679 1326 1712 τῶν
1349 1675 1502 1712 ὑπάτων
1528 1681 1594 1712 Τι-

923 1727 1050 1768 βεοίου
1067 1724 1127 1756 καὶ
1145 1721 1375 1757 Κ2αυδιόυ-
1392 1721 1412 1766 ἡ
1438 1723 1596 1777 σύγκλη-

924 1781 985 1806 τος
1014 1767 1237 1823 ἐχρημάτισε
1271 1772 1349 1806 τοῖς
1383 1767 1485 1814 παρὰ
1521 1769 1596 1803 τῶν

923 1818 1079 1848 Λικίων
1105 1811 1233 1856 ἧκοισι
1258 1816 1513 1857 πρεσβευταῖς,
1541 1815 1594 1847 dio

924 1860 1070 1893 Ursacbe
1095 1861 1155 1891 der
1179 1859 1427 1900 Verstimmung
1451 1860 1508 1892 des
1532 1859 1594 1892 Se-

922 1910 1016 1937 nates
1035 1906 1117 1936 iiber
1134 1906 1185 1936 die
1202 1904 1354 1945 Rhodier,
1373 1914 1400 1936 s.
1415 1903 1469 1944 42,
1491 1904 1542 1945 12,
1560 1903 1592 1946 3,

921 1960 957 1981 so
983 1951 1045 1981 wie
1071 1951 1131 1980 den
1151 1949 1274 1980 Zweck
1297 1949 1358 1981 dei·
1376 1950 1592 1991 Anordnung·‚
1647 1978 1663 1986 .,

921 1995 1036 2027 Beides
1056 2003 1117 2025 von
1139 1994 1207 2026 Pol.
1233 1995 1401 2034 erwiilint,
1426 1994 1591 2035 iibergan-
1651 1991 1654 2001 ²

920 2050 993 2080 gen,
1020 2041 1083 2071 und
1101 2040 1196 2070 einen
1215 2038 1443 2071 schriftlichen
1461 2039 1591 2081 Erlass,

920 2090 1003 2116 statt
1033 2085 1094 2116 wie
1122 2084 1190 2116 l'ol.
1221 2085 1294 2116 eine
1319 2082 1588 2128 Gesnndtschast,

919 2140 1154 2168 nngvnounnt’n
1174 2130 1240 2169 hat,
1260 2129 1380 2162 Nissen
1400 2129 1476 2161 240.

967 2169 1007 2207 7.
1059 2175 1254 2217 Triumplie3
1307 2174 1588 2216 Verlinndlungeu

922 2220 1004 2252 iiber
1022 2221 1082 2251 (len
1104 2219 1205 2260 lirieg
1222 2221 1252 2251 in
1272 2220 1427 2252 llistrien.

967 2266 1053 2296 243.
1072 2268 1220 2308 postero,
1239 2276 1280 2297 zu
1295 2264 1348 2305 28,
1365 2265 1396 2304 9,
1418 2264 1469 2297 ll.
1487 2283 1530 2288 —
1547 2263 1588 2298 do

921 2309 1040 2347 Lusit„
1071 2311 1124 2349 40,
1156 2311 1208 2349 50,
1238 2310 1268 2342 6.
1294 2329 1336 2333 -
1365 2309 1586 2351 tantumdem,

917 2357 978 2386 wie
1003 2357 1061 2395 ·10,
1087 2357 1146 2393 ·Η,
1173 2356 1208 2394 7,
1233 2355 1296 2387 wol
1321 2355 1421 2387 sehon
1449 2355 1507 2387 mit
1525 2354 1585 2387 Be-

916 2402 965 2432 zi«-
971 2402 1056 2440 hung
1073 2400 1132 2432 nuf
1145 2401 1203 2432 «las
1221 2411 1248 2432 c.
1271 2400 1321 2440 13,
1346 2400 1365 2431 8
1384 2399 1584 2433 Berichteto.

960 2447 1009 2475 5—›
1020 2448 1050 2477 ⁸.
1073 2445 1281 2489 pr..,ndnrer
1306 2445 1363 2487 27,
1390 2444 1426 2486 7,
1450 2444 1488 2483 4;
1515 2444 1581 2478 Cic.

913 2492 999 2522 Sest.
1024 2491 1071 2526 ΙΙ,
1092 2491 1145 2523 ³3.
1164 2491 1320 2532 —sama
1337 2470 1414 2529 εἷα,
1433 2488 1581 2530 obgleich

911 2547 949 2566 ‹·i·
978 2537 1033 2567 init
1063 2537 1133 2567 «lam
1160 2535 1267 2567 Hevro
1298 2535 1356 2567 den
1381 2534 1524 2567 Manlius
1547 2534 1579 2567 in

911 2580 1055 2612 nisti-imi
1083 2579 1566 2627 zusnuimengetroffen'isna
1569 2601 1578 2612 .
