1638 2825
470 201 598 235 LIBER
619 201 786 235 xxxix.
835 201 926 234 CAP.
948 201 999 234 16.
1021 201 1069 233 (7Δ
1423 201 1472 241 31

59 221 86 240 a.
109 213 163 241 Ch.
184 214 245 240 186.

58 306 299 359 disciplinam
333 305 573 346 sacrificandi
607 310 878 357 praeterquam
905 316 1016 343 more
1037 303 1218 343 Romano
1249 301 1466 344 abolerent!

56 363 276 404 iudicabant
303 363 407 402 enim
434 362 731 414 prudentissimi
751 361 821 401 viri
843 361 971 402 omnis
991 360 1106 400 divini
1121 360 1358 412 humanique
1373 360 1468 400 iuris

55 419 149 460 nihil
178 431 298 471 aeque
327 419 595 465 dissolvendae
621 419 821 470 religionis
850 431 952 468 esse,
981 429 1097 469 quam
1125 417 1191 456 ubi
1219 429 1302 455 non
1331 417 1469 468 patrio,

55 476 122 516 sed
157 480 316 516 externo
351 477 428 517 ritu
464 476 754 516 sacrificaretur.
807 476 903 515 haec
934 474 1044 514 vobis
1073 473 1333 525 praedicenda
1361 478 1467 513 ratus

55 545 158 581 sum,
181 545 230 575 ne
247 546 320 585 qua
338 533 564 585 superstitio
583 533 742 584 agitaret
757 532 909 571 animos
927 537 1089 577 vestros,
1109 543 1196 570 cum
1216 530 1468 570 demolientes

52 646 117 686 nia
153 646 225 686 diis
261 647 443 699 propitiis
477 646 776 698 volentibusque
810 659 852 685 ea
886 645 1094 692 faciemus,
1131 645 1195 696 qui
1231 644 1320 695 quia
1352 655 1468 682 suum

51 715 199 744 numen
221 704 430 744 sceleribus
450 703 751 755 libidinibusque
772 702 1027 742 contaminari
1043 701 1201 752 indigne
1216 700 1405 746 ferebant,
1425 713 1470 739 ex

54 759 216 801 occultis
238 774 280 801 ea
300 761 468 800 tenebris
491 761 530 800 in
551 761 676 800 lucem
697 765 961 807 extraxerunt,
983 771 1056 798 nec
1076 759 1261 810 patefieri,
1286 762 1331 796 ut
1351 757 1468 809 inpu-

53 819 132 858 nita
162 823 309 866 essent,
347 818 415 857 sed
444 823 485 857 ut
509 818 798 857 vindicarentur
823 822 860 856 et
881 816 1216 869 obprimerentur,
1249 813 1467 853 voluerunt.

51 880 210 915 senatus
246 875 517 926 quaestionem
550 879 653 914 extra
685 874 862 913 ordinem
885 874 932 913 de
960 886 1002 912 ea
1025 884 1067 911 re
1099 872 1195 911 mihi
1224 872 1478 922 collegaeque,

51 944 140 971 meo
168 932 374 971 mandavit.
421 943 515 979 nos,
543 944 640 983 quae
660 931 755 983 ipsis
777 931 891 970 nobis
914 929 1062 981 agenda
1084 934 1196 977 sunt,
1226 928 1378 980 inpigre
1399 940 1467 966 ex-

52 1001 277 1040 sequemur,
303 989 516 1039 vigiliarum
539 993 822 1028 nocturnarum
845 999 977 1027 curam
999 999 1068 1039 per
1088 986 1226 1026 urbem
1248 983 1466 1024 minoribus

50 1045 344 1096 magistratibus
365 1045 656 1092 mandavimus3
677 1058 748 1085 vos
772 1057 926 1096 quoque
948 1056 1113 1096 aequum
1136 1048 1205 1089 est,
1227 1055 1323 1094 quae
1340 1046 1466 1080 vestra

52 1102 184 1141 munia
213 1107 321 1148 sunt,
352 1115 428 1153 quo
456 1102 617 1153 quisque
647 1102 734 1141 loco
763 1101 917 1153 positus
943 1101 1031 1149 erit,
1061 1101 1166 1152 quod
1195 1097 1465 1151 imperabitur,

51 1158 203 1209 inpigre
224 1163 419 1209 praestare
441 1163 478 1197 et
499 1159 590 1197 dare
611 1170 785 1209 operam,
806 1170 855 1196 ne
872 1157 962 1210 quid
979 1158 1115 1197 fraude
1132 1157 1339 1195 noxiorum
1359 1154 1462 1206 peri-

53 1215 126 1254 culi
147 1219 212 1253 aut
232 1215 421 1254 tumultus
446 1215 631 1254 oriatur.“

164 1271 328 1310 Recitari
357 1271 494 1310 deinde
522 1275 678 1310 senatus
708 1271 881 1310 consulta
910 1270 1111 1309 iusserunt
1132 1268 1327 1319 indicique
1348 1279 1462 1319 prae-

50 1327 173 1366 mium
211 1333 522 1379 proposuerunt,
556 1327 589 1366 si
617 1327 702 1378 quis
732 1339 848 1378 quem
876 1327 921 1365 ad
951 1340 992 1365 se
1023 1325 1246 1365 deduxisset
1273 1335 1466 1364 nomenve

51 1383 221 1424 absentis
251 1384 471 1431 detulisset;
502 1384 566 1436 qui
593 1383 819 1423 nominatus
842 1383 1101 1435 profugisset,
1131 1382 1232 1420 diem
1256 1386 1399 1421 certam
1425 1394 1466 1421 se

49 1440 242 1489 finituros,
263 1441 310 1480 ad
332 1453 447 1492 quam
468 1441 543 1480 nisi
566 1441 706 1480 citatus
727 1440 1009 1492 respondisset,
1033 1440 1173 1479 absens
1196 1438 1466 1487 damnaretur,

793 1553 965 1585 triumviri
981 1553 1044 1584 und
1059 1552 1274 1595 quinqueviri
1286 1552 1469 1591 gerechnet

50 1553 261 1594 steigerndes
297 1554 504 1596 Asyndeton.
533 1572 578 1577 —
605 1555 721 1586 vatici-

791 1599 945 1639 werden,
965 1609 992 1630 s.
1011 1597 1063 1638 32,
1082 1597 1136 1638 26,
1158 1597 1215 1636 173
1235 1596 1288 1635 36,
1307 1596 1337 1635 3,
1357 1597 1394 1635 33
1414 1598 1466 1628 die

48 1600 140 1640 nios,
169 1599 259 1631 diese
290 1599 388 1631 Form
418 1600 539 1631 deuten
568 1600 719 1631 mehrere

49 1643 125 1676 Hss.
145 1654 202 1684 an,
228 1645 289 1676 wie
308 1644 361 1684 25,
383 1645 415 1684 1,
437 1644 492 1685 12,
512 1644 719 1685 gewo'hnlich

49 1689 133 1720 wird
161 1691 323 1721 vaticinos
352 1690 500 1729 gelesen.
521 1708 567 1713 —-
590 1689 719 1734 discipl.

50 1733 191 1775 sacrifi,
230 1734 431 1776 Opl'erritus.
471 1751 516 1757 —
550 1737 718 1777 praeter-q.

50 1777 133 1810 kur-z
152 1783 194 1810 st.
211 1789 264 1823 pr.
281 1789 366 1819 eam,
385 1790 468 1821 quae
484 1779 636 1821 —fieret‚
661 1781 720 1811 mit

48 1823 236 1856 Ausnabme
269 1834 350 1855 usw.
386 1843 429 1847 ——
461 1825 607 1857 iudicab.
643 1829 718 1867 etc„

49 1878 76 1900 s.
95 1868 155 1910 43,
176 1868 232 1907 13,
253 1868 284 1901 2.
301 1887 345 1892 —
363 1869 498 1902 dissolv.
516 1870 594 1909 rel„
614 1880 640 1902 s.
661 1870 714 1911 40,

47 1912 102 1954 29,
124 1914 174 1946 11.
192 1932 237 1938 -
254 1925 352 1957 qnam
371 1916 430 1947 ubi
445 1919 508 1947 etc.
528 1920 612 1947 statt
625 1916 717 1947 eines

47 1959 238 1992 abstracten
258 1960 430 2001 Begriffes.

95 2005 224 2037 10-13.
259 2009 426 2049 superse„
451 2005 522 2048 §62
547 2017 653 2040 error.
672 2026 717 2032 —

47 2049 166 2082 (ἵστησί.
200 2051 336 2092 Bacch„
372 2052 422 2084 die
456 2051 716 2095 Cultusst'aitten‚

44 2098 215 2135 sacraria,
239 2097 322 2128 dann
348 2097 409 2129 den
434 2107 560 2139 ganzen
585 2098 714 2140 Cultus,

47 2150 73 2172 s.
93 2151 119 2173 c.
140 2141 190 2182 18,
212 2142 249 2181 7;
273 2142 326 2182 34,
349 2142 379 2183 3,
398 2143 432 2174 5:
451 2144 584 2186 siquod
597 2147 715 2188 cuique

44 2204 67 2209 -
85 2187 215 2229 officiet
230 2189 300 2227 ius,
324 2188 362 2220 id
377 2188 530 2221 destruet
547 2201 585 2222 ac
602 2190 714 2224 demo-

45 2231 211 2264 lietur.—
221 2244 260 2265 ea
275 2233 318 2265 ist
332 2244 423 2266 zwar
436 2235 510 2266 hart
523 2246 586 2267 von
602 2238 715 2268 omnia

43 2281 217 2318 getrennt,
246 2278 329 2309 kann
359 2279 439 2311 aber
468 2280 558 2313 nicht
582 2282 647 2314 wol
672 2292 713 2314 zu

42 2322 196 2356 voleutz‘b.
222 2334 370 2364 gezogen
400 2326 550 2368 werden,
580 2327 619 2359 du
648 2327 714 2360 diis

40 2378 139 2412 prop.
169 2369 420 2413 volentibusque
451 2371 524 2402 eine
554 2373 713 2405 stehende

42 2413 177 2446 Foriuel
195 2415 254 2455 ist,
273 2426 299 2447 s.
324 2416 358 2455 l,
382 2416 436 2455 113,
456 2415 493 2455 33
513 2417 548 2459 7,
569 2418 626 2460 26,
643 2419 662 2450 4
681 2430 713 2450 u.

11 2489 14 2494 ,
42 2467 92 2498 a.;
114 2459 248 2491 Manche
268 2461 388 2492 wolton
407 2472 447 2493 ca
463 2462 578 2502 tilgcn.
593 2482 636 2487 —
649 2475 713 2496 nu-

43 2513 136 2542 men,
161 2516 186 2537 s.
206 2505 290 2539 Einl.
309 2507 343 2538 S.
363 2506 422 2545 203
449 2518 509 2539 zur
526 2509 630 2541 Sachc
645 2510 712 2550 vgl.

44 2548 110 2583 Cic.
126 2550 196 2583 Cat.
212 2551 242 2592 3,
258 2551 294 2592 83
315 2552 344 2593 2,
363 2552 413 2585 13.
427 2570 472 2576 -
485 2557 624 2587 senatus
638 2560 714 2597 etc„

44 2603 71 2627 n.
90 2607 117 2628 c.
140 2596 192 2636 14,
211 2596 243 2628 6.
260 2615 304 2620 —-
320 2599 441 2631 minor.
465 2610 575 2641 mag„
600 2611 640 2632 zu
658 2601 715 2632 de-

44 2648 106 2673 nen
136 2641 207 2674 hier
236 2643 315 2675 nach
345 2654 372 2675 c.
406 2643 461 2687 14,
498 2645 538 2676 10
568 2656 630 2678 nur
658 2647 710 2678 die

792 1644 930 1676 Aedilen
950 1644 1024 1675 siud
1043 1644 1132 1674 nicht
1149 1643 1250 1674 damit
1277 1640 1468 1683 beauftragt

791 1687 844 1721 fiir
857 1690 910 1721 die
924 1688 1015 1721 Ruhe
1028 1689 1093 1720 und
1108 1688 1296 1720 Sieherheit
1309 1689 1466 1720 wiihrend

791 1735 852 1766 der
864 1734 971 1767 Nacht
989 1745 1031 1766 zu
1049 1744 1183 1774 soi-gen.
1197 1752 1239 1756 ——-
1254 1743 1339 1776 quac
1352 1736 1468 1766 vestra

791 1790 836 1810 m..
860 1792 888 1811 s.
914 1780 978 1811 und
1002 1790 1066 1821 quo
1083 1798 1106 1802 -
1122 1780 1190 1811 erit
1207 1779 1361 1810 scheinen
1381 1777 1465 1810 frcic

791 1823 1033 1865 Relativsiitze,
1049 1835 1075 1855 s.
1092 1835 1120 1855 c.
1138 1824 1188 1863 11,
1211 1824 1238 1862 1,
1258 1834 1299 1854 zu
1314 1824 1395 1863 sein,
1413 1824 1465 1856 die

791 1870 849 1901 das
879 1870 1016 1902 niichste
1043 1869 1163 1910 Object
1193 1879 1256 1900 von
1285 1872 1465 1912 praestare

791 1925 822 1946 n.
847 1915 937 1958 quod
956 1916 1178 1959 imperabitur·
1203 1925 1265 1945 nur
1289 1915 1465 1946 vorberei-

789 1964 861 1992 ten:
892 1971 928 1992 so
958 1962 1038 1992 weit
1066 1960 1134 1991 sich
1160 1969 1261 1991 euere
1287 1959 1465 2001 Obliegen-

789 2006 900 2038 heiten
937 2006 1153 2045 erstrecken3
1197 2005 1346 2046 obgleich
1381 2006 1463 2037 auch

788 2061 872 2093 quae
887 2070 911 2074 —
925 2055 1007 2084 sunt
1024 2052 1086 2083 wie
1105 2050 1195 2093 qnod
1206 2053 1325 2094 imper.
1340 2052 1460 2083 unmit-

786 2097 896 2129 telbar
928 2096 988 2129 auf
1014 2100 1191 2141 praestat-c
1219 2096 1366 2136 bezogen
1396 2097 1461 2128 und

787 2143 878 2185 quod
892 2144 1057 2186 imperab.
1083 2143 1134 2174 als
1153 2142 1379 2183 Bestimmung
1403 2142 1462 2174 be-

787 2189 932 2221 trachtet
950 2189 1084 2220 werden
1103 2188 1239 2219 kiinnte.

835 2229 904 2267 17·
937 2233 1020 2266 1-3.
1055 2236 1196 2265 senatus
1214 2243 1274 2271 cs„
1292 2233 1344 2264 dic
1364 2243 1390 2264 c.
1412 2232 1462 2274 14,

786 2280 823 2319 ὃς
844 2279 880 2319 63
901 2280 918 2311 7
935 2280 1148 2317 crwiihnten3
1169 2289 1195 2310 S.
1212 2278 1278 2310 Cic.
1294 2278 1366 2309 Cat.
1382 2277 1410 2318 3,
1429 2278 1459 2317 6,

788 2323 871 2367 13f.,
895 2324 916 2367 ξ
939 2326 959 2356 4
984 2325 1113 2357 scheint
1138 2325 1196 2356 das
1221 2325 1272 2355 dic
1298 2323 1459 2355 Untcrsu—

786 2371 893 2410 chung
916 2371 998 2402 oder
1020 2371 1077 2402 das
1103 2371 1154 2402 dic
1179 2369 1378 2407 Auflwbung
1401 2368 1459 2398 der

788 2417 1023 2448 Bacchanalicn
1067 2415 1278 2447 anordnendc
1319 2414 1459 2444 Sennis-

784 2473 894 2503 cons.‚
913 2473 939 2493 c.
962 2462 1016 2504 14,
1037 2464 1072 2500 ὃ,
1092 2462 1235 2502 gonwint
1254 2470 1293 2490 zu
1313 2459 1395 2489 sein.
1414 2475 1458 2481 —

782 2508 900 2549 indici,
923 2508 1116 2548 allgemein:
1142 2507 1273 2541 ,ledi-ni,
1299 2505 1357 2535 der
1382 2504 1455 2535 eine

785 2553 933 2593 Anzeigc
953 2554 1085 2584 innclwn
1107 2552 1236 2591 xxiii—do,
1257 2550 1317 2581 wie
1336 2551 1456 2591 siquis

784 2603 845 2630 etc:
865 2599 964 2639 zeigt.
982 2617 1026 2621 —
1042 2599 1208 2629 nominat.
1226 2596 1276 2627 als
1296 2595 1454 2635 scliuldig,

784 2644 837 2676 bei
861 2645 922 2676 den
944 2644 1089 2675 Bacchen
1114 2641 1298 2681 belliciligt.
1318 2640 1455 2682 —fim'—

1499 368 1518 400 9

1499 483 1540 516 10

52 602 127 629 nos
148 589 398 630 Bacchanalia
422 590 752 642 discutientesque
771 589 942 628 nefarios
965 592 1098 627 coetus
1121 587 1342 627 cerneretis.
1380 596 1483 637 om-j
1501 596 1538 628 11

1499 879 1538 911 12

1498 1051 1537 1083 13

1494 1270 1546 1310 17
