1712 2825
444 219 687 253 PealoanE
711 220 933 254 LissnoanM
958 221 1154 256 eni-cvr
1421 226 1502 265 307

96 322 189 362 leges
211 321 363 363 agrariae
385 331 404 352 a
422 320 566 353 Caesare
590 321 725 353 consule
748 331 821 352 eum
845 332 961 363 magna
978 323 1190 355 contentione
1207 324 1314 355 invito
1332 330 1449 357 senatu
1467 331 1500 357 et

97 366 206 398 altero
235 367 370 398 consule
395 365 439 398 M.
462 367 578 398 Bibulo
609 366 697 398 latae
725 370 812 397 sunt.
852 366 886 397 C.
910 366 1073 398 Antonius
1097 368 1277 409 proconsul
1299 368 1331 399 in
1355 368 1499 402 Thracia

96 420 212 453 parum
227 421 388 453 prospere
405 422 475 443 rem
491 411 608 452 gessit.
637 411 681 443 Μ.
700 409 815 442 Cicero
833 411 907 451 lege
924 421 942 442 a
959 410 992 442 P.
1009 411 1124 442 Clodio
1141 412 1275 443 tribuno
1294 414 1399 454 plebis
1416 414 1498 453 lata,

97 456 182 499 quod
205 456 411 488 indemnatos
434 457 525 487 cives
549 456 754 495 necavisset,
778 455 810 486 in
833 456 967 487 exilium
991 456 1112 487 missus
1135 460 1195 488 est.
1231 457 1354 489 Caesar
1371 459 1403 490 in
1421 470 1500 501 pro—

96 501 240 533 vinciam
258 499 400 533 Galliam
418 500 587 543 profectus
606 501 795 541 Helvetios,
818 511 936 542 vagam
953 505 1102 541 gentem,
1126 501 1268 542 domuit,
1287 513 1368 544 quae
1387 505 1497 536 sedem

95 556 256 589 quaerens
275 556 334 588 per
349 546 557 588 provinciam
571 546 724 578 Caesaris
736 545 925 578 Narbonem
943 546 1009 578 iter
1021 544 1131 576 faeere
1145 547 1291 578 volebat.
1321 553 1497 590 praeterea

93 591 194 623 situm
217 589 405 623 Galliarum
433 591 591 623 continet.
626 591 798 633 Pompeius
834 591 873 622 de
900 605 914 622 *
932 605 947 622 *
975 591 1091 622 liberis
1116 590 1323 624 Mithridatis
1352 593 1498 634 Tigrane

94 640 127 667 et
144 634 301 677 Tigranis
325 636 395 668 filio
414 637 647 679 triumphavit,
666 636 870 679 Magnusque
888 647 906 668 a
922 640 995 667 tota
1014 636 1168 667 contione
1186 637 1415 670 consalutatus
1435 643 1496 670 est.

660 716 723 748 EX
740 715 818 748 LIB.
837 714 929 747 CIIIl.

183 769 291 802 Prima
318 780 393 811 pars
417 770 493 801 libri
511 770 611 802 situm
631 768 826 801 Germaniae
844 779 1018 810 moresque
1036 769 1194 801 eontinet.
1230 769 1265 801 C.
1285 769 1408 801 Caesar
1425 781 1497 802 cum

91 815 253 847 adversus
272 814 473 855 Germanos,
497 815 553 857 qui
570 815 745 846 Ariovisto
770 814 851 844 duee
868 814 900 844 in
920 812 1062 845 Galliam
1081 815 1373 853 transcenderant,
1398 824 1497 846 exer-

91 860 191 891 citum
209 861 361 901 duceret,
385 864 523 901 rogatus
541 860 581 891 ab
599 859 724 890 Aeduis
742 862 775 889 et
793 857 972 899 Sequanis,
997 868 1135 899 quorum
1153 868 1232 898 ager
1249 859 1495 900 possidebatur,

89 905 343 947 trepidationem
365 905 507 936 militum
525 908 663 946 propter
679 907 800 934 metum
818 912 980 933 novorum
996 902 1139 933 hostium
1158 907 1264 933 ortam
1282 903 1494 935 adlocutione

90 950 262 981 exereitus
284 949 430 982 inhibuit
454 954 487 980 et
509 950 617 979 victos
641 947 768 989 proelio
794 946 977 977 Germanos
1003 945 1114 977 Gallia
1139 947 1278 988 expulit.
1311 946 1354 978 M.
1374 946 1492 979 Cicero

87 993 242 1037 Pompeio
262 995 352 1026 inter
369 994 453 1026 alios
472 1004 507 1024 se
525 996 702 1024 exserente
721 995 754 1021 et
772 990 808 1021 T.
827 990 935 1021 Annio
955 989 1082 1021 Milone
1096 991 1232 1022 tribuno
1247 991 1354 1032 plebis
1367 992 1494 1033 ingenti

87 1039 207 1080 gaudio
233 1045 367 1071 senatus
391 1049 428 1069 ac
451 1037 555 1069 totius
574 1034 690 1066 Italiae
717 1035 757 1066 ab
781 1035 882 1066 exilio
908 1035 1064 1066 reduetus
1089 1040 1150 1066 est.
1187 1035 1243 1067 Cn.
1263 1035 1415 1078 Pompeio
1434 1047 1493 1078 per

87 1084 340 1126 quinquennium
363 1091 509 1113 annonae
533 1090 613 1112 eura
636 1080 791 1111 mandata
815 1085 875 1112 est.
916 1080 1040 1111 Caesar
1065 1080 1260 1120 Ambianos,
1283 1080 1492 1121 suessionas,

85 1129 340 1166 Viromanduos,
359 1126 547 1163 Atrebates,
564 1125 737 1166 Belgarum
756 1125 906 1167 populos,
925 1135 1062 1167 quorum
1080 1126 1195 1165 ingens
1213 1126 1390 1158 multitudo
1408 1131 1492 1166 erat,

85 1174 216 1216 proelio
241 1173 348 1205 victos
372 1171 403 1201 in
422 1170 621 1202 deditionem
645 1170 792 1211 aceepit,
816 1181 854 1201 ac
878 1170 995 1201 deinde
1013 1175 1130 1201 eontra
1146 1170 1310 1205 Nervios,
1335 1171 1431 1202 unius
1449 1181 1491 1202 ex

84 1219 137 1250 his
155 1217 321 1257 civitatis,
339 1226 411 1247 cum
429 1225 545 1256 magno
564 1215 757 1247 discrimine
775 1215 935 1257 pugnavit
953 1226 1087 1257 eamque
1105 1221 1235 1256 gentem
1253 1216 1390 1256 delevit,
1410 1226 1491 1258 quae

85 1274 207 1306 bellum
223 1272 347 1313 gessit,
365 1272 468 1303 donee
487 1283 528 1303 ex
546 1271 608 1303 LX
626 1276 829 1303 armatorum
849 1271 880 1302 M
899 1276 1130 1314 superessent,
1148 1282 1189 1303 ex
1207 1271 1260 1302 DC
1278 1272 1490 1304 senatoribus

83 1324 155 1350 tres
173 1322 299 1349 tantum
317 1317 507 1349 evaderent.
537 1318 610 1358 lege
628 1318 695 1348 lata
714 1318 753 1348 de
771 1317 950 1357 redigenda
968 1317 999 1348 in
1015 1317 1210 1359 provinciae
1226 1316 1364 1348 formam
1378 1316 1489 1360 Cypro

83 1367 116 1395 et
140 1362 334 1404 publicanda
357 1363 495 1404 pecunia
520 1362 613 1403 regia
636 1361 680 1394 M.
701 1362 819 1393 Catoni
837 1362 1084 1393 administratio
1104 1362 1174 1393 eius
1194 1361 1241 1393 rei
1260 1362 1411 1393 mandata
1429 1367 1490 1393 est.

82 1407 292 1440 Ptolemaeus
309 1408 453 1449 Aegypti
479 1418 538 1438 rex
563 1408 603 1438 ob
627 1407 786 1446 iniurias,
805 1418 885 1449 quas
905 1407 1094 1449 patiebatur
1111 1417 1130 1437 a
1148 1407 1229 1446 suis,
1247 1417 1349 1447 regno
1364 1407 1492 1448 profu-

79 1463 149 1495 gus
172 1452 306 1484 Romam
330 1453 433 1484 venit.
475 1452 508 1483 C.
536 1452 659 1484 Caesar
683 1452 850 1491 Venetos,
880 1457 1010 1493 gentem
1035 1452 1166 1483 Oceano
1191 1451 1352 1490 iunctam,
1378 1451 1490 1482 navali

83 1498 212 1541 proelio
232 1498 322 1530 vicit.
356 1502 530 1539 praeterea
549 1507 602 1529 res
620 1508 638 1528 a
658 1497 776 1537 legatis
793 1497 866 1528 eius
884 1497 997 1528 eadem
1015 1495 1147 1527 fortuna
1167 1500 1278 1537 gestas
1297 1496 1456 1528 continet.

662 1564 724 1596 Ex
748 1564 823 1596 LIB.
842 1564 909 1598 CV.

173 1618 252 1651 Cum
276 1619 311 1651 C.
337 1619 471 1651 Catonis
503 1619 626 1651 tribuni
656 1618 761 1660 plebis
790 1618 1088 1650 intercessionibus
1120 1616 1254 1648 comitia
1278 1616 1490 1655 tollerentur,

82 1669 216 1696 senatus
240 1669 365 1696 vestem
388 1664 539 1696 mutavit.
575 1663 617 1696 Μ,
640 1664 721 1695 Cato
746 1664 776 1694 in
802 1663 961 1705 petitione
988 1667 1165 1705 praeturae
1183 1660 1334 1701 praelato
1354 1660 1488 1692 Vatinio

83 1710 248 1752 repulsam
271 1710 358 1742 tulit.
393 1710 476 1741 idem
501 1720 573 1740 eum
597 1710 702 1750 legem
727 1709 918 1749 impediret,
943 1718 1005 1749 qua
1030 1705 1220 1749 provinciae
1245 1704 1437 1735 oonsulibus
1456 1704 1487 1735 in

81 1755 353 1797 quinquennium,
378 1755 530 1796 Pompeio
550 1754 742 1796 Hispaniae,
767 1754 890 1785 Crasso
909 1753 1008 1795 Syria
1033 1757 1065 1783 et
1084 1750 1272 1782 Parthicum
1290 1749 1413 1781 bellum
1430 1749 1487 1780 da-

82 1800 220 1837 bantur,
243 1810 262 1832 a
279 1800 314 1831 C.
335 1800 503 1832 Trebonio
522 1799 654 1830 tribuno
674 1799 794 1841 plebis,
820 1798 903 1838 legis
921 1802 1069 1835 auctore,
1088 1796 1118 1826 in
1139 1794 1271 1825 vincula
1288 1794 1406 1825 duetus
1424 1798 1487 1825 est.

81 1844 123 1876 A.
154 1843 313 1876 Gabinius
342 1844 520 1887 proeonsul
546 1844 770 1875 Ptolemaeum
802 1843 934 1874 reduxit
964 1843 993 1872 in
1026 1850 1161 1880 regnum
1189 1838 1351 1881 Aegypti,
1382 1838 1488 1870 eiecto

82 1890 266 1929 Archelao,
290 1900 382 1931 quem
408 1889 471 1920 sibi
489 1899 597 1929 regem
617 1890 838 1919 adsciverant.
876 1887 973 1918 vietis
993 1884 1167 1916 Germanis
1185 1884 1215 1914 in
1236 1882 1346 1914 Gallia
1365 1883 1490 1914 Caesar

83 1934 228 1966 Rhenum
257 1935 461 1966 transreudit
492 1939 525 1965 et.
555 1934 735 1975 proximam
769 1938 892 1975 partem
919 1930 1114 1962 Germaniae
1138 1929 1282 1963 domuit,
1313 1938 1351 1958 ae
1373 1927 1489 1958 deinde

82 1979 213 2011 (leeano
231 1980 261 2011 in
278 1980 506 2016 Brittanniam,
525 1979 628 2021 primo
648 1990 760 2021 parum
780 1987 935 2020 prospere
949 1974 1202 2016 tempestatibus
1217 1972 1370 2004 adversis
1385 1972 1489 2004 traie—

83 2025 145 2065 eit,
171 2025 290 2056 iterum
315 2024 464 2063 felirins,
490 2035 668 2066 magnaque
696 2023 903 2054 multitudine
923 2020 1064 2051 hostium
1083 2029 1178 2050 raesa
1198 2018 1339 2060 aliquam
1359 2021 1483 2059 partem

83 2070 211 2101 insulae
230 2070 260 2101 in
280 2075 476 2112 potestatem
497 2070 633 2110 redegit.

661 2147 719 2178 EX
740 2147 814 2178 ΗΒ.
835 2146 915 2179 (Nl.

173 2202 253 2234 Iulia
273 2204 426 2234 Caesaris
445 2204 528 2241 lilia,
549 2202 677 2244 Pompei
697 2212 797 2239 uxor,
817 2200 972 2236 decessit,
991 2200 1158 2240 honosque
1176 2198 1204 2228 ei
1224 2207 1240 2227 a
1262 2197 1377 2238 populo
1396 2196 1487 2227 habi-

83 2253 137 2280 tus
155 2252 224 2284 est,
247 2253 283 2279 ut
307 2248 336 2278 in
362 2258 473 2288 rampo
492 2246 614 2278 Martio
638 2246 851 2287 sepeliretur.
885 2244 1058 2277 Gallorum
1077 2243 1206 2284 aliquot
1226 2241 1334 2283 populi
1354 2241 1487 2271 Ambio-

84 2293 153 2333 rige
176 2293 274 2330 duee,
300 2303 379 2331 reg-c»
398 2292 602 2328 Eburonum,
626 2291 836 2329 ‹lel'ecerunt;
862 2301 879 2322 a
905 2290 1022 2332 quibus
1041 2290 1137 2320 Cotta
1163 2292 1195 2317 et
1215 2285 1365 2317 Titurius
1386 2285 1486 2324 legati

84 2337 238 2369 Caesaris
262 2336 479 2368 riri-uiuventi
505 2336 630 2366 insidiis
655 2346 726 2365 rum
746 2335 915 2371 exeri-itu,
939 2335 990 2365 eui
1011 2337 1202 2375 praeerant.
1227 2330 1314 2360 caesi
1335 2335 1419 2360 sunt.
1455 2334 1487 2360 et

84 2393 156 2413 cum
187 2382 326 2414 aliarum
357 2392 482 2422 quoque
512 2381 676 2420 legionum
707 2385 817 2410 rastra
848 2384 1032 2422 oppugnata
1064 2388 1178 2415 magno
1210 2375 1324 2405 labore
1352 2374 1486 2405 defensa

85 2431 213 2466 essent,
239 2427 324 2459 inter
348 2437 428 2467 quae
452 2426 539 2461 eius,
565 2426 617 2456 rui
639 2425 669 2455 in
688 2424 847 2455 Treveris
867 2430 1019 2466 praeerat
1040 2426 1075 2464 Q.
1098 2422 1230 2455 (lii-ero,
1255 2419 1294 2449 ab
1314 2419 1382 2460 ipso
1403 2419 1485 2449 tlae-

85 2483 160 2504 sare
179 2473 288 2504 hostes
308 2471 434 2513 proelio
455 2471 517 2501 l'usi
535 2475 619 2501 sunt.
652 2469 691 2500 M.
712 2470 853 2500 Crassus
873 2470 992 2499 bellum
1011 2466 1139 2498 l'arthis
1159 2465 1322 2495 inlaturus
1339 2463 1485 2505 Euphra-

84 2522 139 2549 ten
158 2519 273 2548 {lumen
293 2517 437 2549 transiit,
457 2516 627 2556 vietusque
647 2515 785 2556 proelio,
805 2515 834 2544 iu
854 2525 914 2555 quo
934 2519 962 2543 et
986 2513 1072 2543 tilius
1087 2511 1156 2541 eius
1172 2509 1302 2542 recidit,
1321 2519 1391 2539 rum
1408 2508 1485 2539 reli-

84 2563 176 2604 quias
200 2562 370 2593 exere-itus
394 2561 424 2591 in
451 2561 568 2591 vollem
598 2559 796 2601 recepisset,
820 2564 979 2589 moi-:itus
1006 2558 1034 2587 in
1061 2555 1257 2595 voumpiimn
1277 2554 1316 2584 ab
1336 2553 1485 2584 hostibus

87 2607 179 2639 velut
195 2608 234 2638 de
254 2618 330 2648 pare
348 2606 489 2638 arturis,
509 2616 645 2646 quorum
663 2605 726 2634 dux
746 2608 816 2634 erat
837 2604 999 2634 Surenas.
1019 2601 1272 2641 roiuprelwusus
1291 2603 1335 2631 et.
1357 2597 1485 2638 nequid

88 2652 184 2685 vivus
202 2657 372 2694 pateretur
391 2661 587 2692 repugnans,
610 2649 804 2680 iniri-sertus
823 2654 884 2679 est.

1154 2699 1220 2730 20·
