1712 2825
37 212 64 231 a.
79 203 132 231 ch.
149 204 209 230 168.
473 193 601 226 LIBER
622 192 836 226 XXXXIIII.
873 194 967 227 CAP.
986 195 1041 228 23.

1367 194 1383 237 1
1398 199 1446 239 13

35 309 132 349 quas
152 295 390 348 hippagogus
412 300 562 342 vocant,
584 295 629 335 ab
652 296 765 334 Elaea
784 296 979 347 profectae
1002 309 1091 335 cum
1114 298 1308 348 equitibus
1331 299 1446 339 Gallis

34 352 223 405 equisque
244 353 396 391 Phanas
418 353 738 404 promunturium
760 352 944 391 Chiorum
968 353 1163 404 petebant,
1186 355 1290 393 unde
1316 361 1446 395 trans-

35 409 190 449 mittere
210 408 251 447 in
271 408 533 448 Macedoniam
554 414 726 460 possent.
762 409 888 447 Attalo
911 409 956 448 ab
979 409 1154 447 Eumene
1176 410 1443 451 mittebantur.

37 466 104 505 has
131 476 245 504 naves
273 478 343 517 per
368 466 489 504 altum
517 465 611 504 ferri
638 478 728 504 cum
750 477 796 503 ex
816 465 971 516 specula
992 465 1146 516 signum
1169 466 1302 505 datum
1324 468 1445 507 Ante-

35 521 122 561 nori
142 526 256 568 esset,
277 522 474 573 profectus
496 522 542 561 ab
562 521 721 560 Subotis
738 521 840 560 inter
854 521 1109 573 Erythrarum
1125 524 1446 573 promunturium

35 577 269 629 Chiumque,
300 591 376 630 qua
397 578 640 617 artissimum
660 578 805 617 fretum
826 582 903 624 est,
926 578 959 616 is
982 578 1163 617 occurrit.
1204 579 1299 617 nihil
1316 580 1446 619 minus

35 634 191 673 credere
210 635 395 685 praefecti
416 634 614 681 Eumenis,
637 646 756 686 quam
776 633 1032 673 Macedonum
1055 634 1217 674 classem
1239 635 1278 673 in
1299 635 1363 674 illo
1381 649 1446 674 va-

34 690 115 741 gari
143 690 261 729 mari:
285 703 389 730 nunc
410 722 418 737 ,
448 691 648 730 Romanos
678 704 780 737 esse,
812 702 935 735 nunc,
962 691 1136 729 Attalum
1167 696 1233 730 aut
1261 692 1447 730 remissos

36 746 184 798 aliquos
222 746 269 786 ab
295 747 425 786 Attalo
462 759 506 785 ex
544 747 680 786 castris
708 747 896 786 Romanis
924 747 1156 798 Pergamum
1188 752 1332 798 petere.
1380 748 1448 787 sed

35 815 125 842 cum
154 803 230 842 iam
259 803 656 855 adpropinquantium
678 803 804 842 forma
825 803 1046 842 lemborum
1068 803 1171 842 haud
1194 804 1309 843 dubia
1331 809 1446 851 esset,

34 863 74 898 et
100 859 307 899 concitatio
336 872 536 899 remorum
566 859 822 910 derectaeque
850 859 890 897 in
918 872 959 898 se
987 872 1125 911 prorae
1153 860 1277 899 hostis
1304 861 1448 912 adpro-

35 915 223 967 pinquare
244 916 498 967 aperuissent,
520 921 614 955 tunc
636 916 772 955 iniecta
792 916 997 967 trepidatio
1019 921 1091 955 est.
1129 929 1217 956 eum
1240 917 1447 956 resistendi

34 984 123 1023 spes
144 972 248 1011 nulla
268 978 382 1019 esset,
406 972 640 1024 inhabilique
662 973 819 1011 navium
839 984 978 1024 genere
1001 978 1039 1011 et
1060 972 1175 1011 Gallis
1198 973 1259 1012 vix
1276 974 1447 1024 quietem

33 1028 249 1067 ferentibus
275 1028 316 1067 in
345 1029 462 1076 mari,
491 1041 581 1080 pars
603 1041 764 1076 eorum,
794 1029 861 1080 qui
882 1028 1084 1080 propiores
1107 1029 1323 1069 continenti
1344 1030 1448 1069 litori

35 1089 163 1131 erant,
193 1084 232 1123 in
258 1085 509 1136 Erythraeam
538 1090 722 1129 enarunt,
751 1097 840 1136 pars
868 1084 960 1123 velis
981 1085 1079 1124 datis
1101 1086 1147 1124 ad
1169 1085 1309 1125 Chium
1331 1098 1447 1125 naves

35 1140 199 1187 eiecere,
228 1142 447 1193 relictisque
475 1142 584 1193 equis
614 1142 735 1180 ess'usa
755 1142 844 1192 fuga
865 1141 1003 1180 urbem
1025 1141 1220 1192 petebant.
1262 1142 1332 1181 sed
1352 1154 1446 1194 pro-

33 1196 120 1248 pius
148 1197 287 1236 urbem
322 1198 437 1237 lembi
473 1210 708 1249 accessuque
745 1197 1012 1237 commodiore
1047 1210 1136 1236 cum
1173 1198 1448 1250 exposuissent

33 1258 238 1300 armatos,
255 1254 397 1305 partim
424 1255 463 1293 in
492 1255 549 1293 via
576 1254 768 1305 fugientes
798 1254 927 1293 Gallos
949 1254 1077 1305 adepti
1098 1254 1325 1294 Macedones
1347 1254 1446 1294 ceci-

33 1308 186 1356 derunt,
210 1311 350 1361 partim
371 1316 460 1350 ante
482 1315 636 1362 portam
659 1311 849 1349 exclusos.
886 1310 1103 1350 clauserant
1123 1311 1229 1349 enim
1252 1311 1334 1350 Chii
1355 1323 1447 1362 por-

0 1389 1 1394 =
34 1369 105 1413 tas,
127 1365 262 1417 ignari,
280 1367 346 1418 qui
367 1367 546 1418 fugerent
567 1372 633 1406 aut
653 1371 920 1419 sequerentur.
957 1366 1079 1406 DCCC
1101 1367 1226 1406 ferme
1248 1367 1447 1407 Gallorum

31 1488 121 1522 nicht
138 1489 257 1521 weiter
273 1489 426 1521 erw'ahnt
443 1500 484 1521 zu
496 1490 643 1521 werden.
659 1508 702 1513 ——

31 1536 156 1575 tenuit,
181 1535 241 1574 31,
259 1535 319 1574 45,
342 1536 390 1566 10.
410 1553 454 1558 —
475 1535 703 1577 hippagogus,

31 1578 84 1612 die
105 1580 309 1621 griechische
332 1579 471 1620 Endung
494 1580 557 1611 wie
576 1581 629 1621 36,
651 1580 702 1621 18,

32 1623 69 1656 2:
86 1625 338 1667 sarisophorus,
356 1625 422 1665 vgl.
442 1625 497 1665 37,
520 1625 569 1666 19,
588 1626 624 1663 73
649 1625 704 1666 35,

34 1668 170 1709 13,11;
202 1670 261 1708 43,
287 1670 344 1709 23,
368 1671 401 1708 ¹3
426 1680 461 1701 es
485 1670 556 1701 sind
581 1669 705 1702 Trans-

31 1714 224 1757 portschiffc
237 1714 292 1746 fiir
304 1713 461 1754 Reiterei,
479 1715 530 1746 bei
543 1714 706 1758 Thucyd„

33 1759 181 1791 Rex-odat
206 1759 430 1802 ἱππαγωγοί
456 1760 506 1790 od.
533 1760 707 1802 ἱππαγω-

32 1801 101 1847 yoe',
124 1804 283 1835 wahrend
308 1804 422 1847 Polyb.
447 1804 624 1836 mchrmals
646 1804 707 1836 ἱπ-

34 1850 153 1892 πηγοί
170 1849 320 1888 braurht,
338 1849 702 1889 5.1,26;2Ἰ;28.-

774 1487 828 1528 22,
850 1488 900 1529 19,
920 1489 951 1521 7.
966 1506 1009 1512 —
1025 1489 1229 1531 inhabilique
1243 1490 1333 1522 steht
1346 1490 1404 1522 mit
1416 1493 1450 1521 et

779 1532 884 1566 Gallis
907 1534 937 1565 in
956 1534 1160 1575 Beziehung,
1185 1535 1251 1575 vgl,
1270 1535 1325 1575 43,
1346 1535 1398 1575 23,
1419 1535 1450 1574 6,

777 1579 929 1620 obgleich
953 1579 990 1611 L.
1022 1584 1116 1611 sonst
1140 1590 1202 1621 qma
1225 1582 1258 1611 et
1282 1580 1374 1611 mehr
1391 1590 1451 1611 zur

776 1624 994 1665 Verbindung
1067 1624 1238 1655 einzelncr
1310 1624 1450 1664 Begrill'e

777 1669 927 1701 braucht.
954 1687 996 1691 ——
1019 1670 1077 1700 via·
1100 1670 1219 1710 quiet„
1242 1669 1339 1701 kaum
1359 1679 1451 1711 -ge-

780 1714 945 1755 schweigc
960 1714 1055 1745 denn.
1066 1724 1234 1746 —eormn
1251 1715 1332 1746 nach
1349 1713 1452 1747 Gallis

778 1760 917 1800 ferent„
932 1769 960 1790 s.
980 1760 1005 1800 1,
1020 1758 1073 1798 28,
1092 1759 1141 1790 10.
1162 1778 1198 1781 —
1217 1761 1341 1790 contin.
1357 1759 1455 1792 litori

780 1804 866 1835 kann
892 1814 954 1835 nur
978 1803 1153 1835 bcdentcn:
1187 1804 1238 1835 die
1264 1802 1368 1836 h'iiste
1393 1805 1450 1837 des

779 1848 886 1880 festi-n
896 1848 1036 1887 Laudes,
1045 1849 1153 1889 uigent
1161 1849 1224 1880 li‹·h
1234 1861 1240 1880 :
1249 1849 1301 1881 die
1311 1848 1452 1881 fortlau-

34 1894 186 1935 Phanas,
211 1894 264 1933 3⁰,
284 1895 337 1932 43,
360 1895 408 1925 11.
434 1913 473 1917 -
496 1894 631 1933 Attalo,
655 1895 706 1926 als

33 1938 280 1979 Versti'irkung,
296 1939 360 1981 vgl.
376 1940 521 1981 dagcgcn
538 1950 565 1971 e.
586 1939 635 1979 13,
650 1939 706 1978 123

36 1982 91 2024 20,
111 1984 142 2015 7.

79 2028 189 2060 8-12.
220 2039 267 2060 ‹3oe
287 2039 394 2072 spec„
424 2027 483 2060 auf
502 2029 638 2062 Subota.
662 2047 706 2052 —

35 2071 174 2116 Erythr.
192 2084 319 2117 prone„
338 2075 396 2106 das
414 2074 622 2116 Vorgebirgc
641 2073 706 2105 Ar-

57 2127 180 2159 ennon,
206 2119 271 2160 vgl.
296 2119 349 2158 36,
368 2120 422 2160 45,
441 2120 470 2151 7.
491 2138 533 2143 —-
549 2119 635 2151 nt'ln‘l
650 2131 706 2161 m„

68 2187 76 2204 ,
94 2163 131 2202 3,
149 2163 179 2195 2.
200 2182 244 2188 —-
266 2175 353 2196 nnuc
368 2184 387 2188 —
399 2175 487 2196 nunc
507 2176 536 2196 n.
556 2164 706 2197 credere.

36 2224 79 2232 —
95 2209 213 2251 forma
234 2209 348 2250 lomb„
373 2220 446 2241 man
470 2210 529 2241 sah
547 2210 708 2242 zuniichst

38 2261 112 2294 nur,
123 2254 198 2286 dass
207 2265 242 2286 cs
250 2254 361 2293 lembi,
375 2255 446 2285 also
456 2252 482 2285 Ιί
489 2255 706 2296 riegss‹·l1ill'c,

0 2299 2 2306 ’
37 2305 167 2334 waren:
191 2300 267 2331 dass
291 2299 343 2331 dio
360 2299 461 2331 [mum
475 2299 548 2331 eine
568 2311 631 2331 von
649 2310 708 2331 an-

37 2341 138 2375 deren
147 2341 410 2384 Rrivgssvhiffen
425 2345 621 2376 wcsvntlivh
632 2355 708 2376 ver-

39 2387 212 2421 !chiedenc
227 2389 324 2421 Form
343 2390 465 2430 gellam
479 2390 603 2428 himen,
622 2390 709 2421 Grn-

38 2440 94 2466 ter
115 2444 143 2476 p.
168 2435 226 2472 53,
250 2434 333 2475 solgt
358 2435 479 2466 ‹lm-nus
504 2435 608 2474 nit-hig
640 2439 709 2466 crst

40 2485 99 2510 tus
122 2478 182 2510 den
202 2479 427 2520 Bewcgungcn
455 2480 516 2511 und
535 2480 607 2511 dem
625 2481 709 2511 Curs

41 2520 101 2555 der
117 2522 238 2556 Schiss'e
261 2525 319 2556 sah
345 2535 435 2564 man,
460 2525 536 2556 dass
555 2535 589 2556 vs
606 2524 711 2556 scind-

42 2564 141 2609 liene,
165 2570 413 2601 maccdonischc
438 2580 562 2602 waren.
587 2587 631 2593 —-
654 2570 710 2601 (ln-

0 2646 1 2651 ,
43 2615 141 2655 rect„
166 2614 219 2653 21,
241 2614 291 2654 19,
314 2615 340 2646 l.
365 2633 408 2638 —
431 2616 619 2659 aperui-un,
644 2616 710 2656 vgl.

119 2668 178 2693 Tit.
196 2669 260 2694 Liv.
283 2670 318 2695 X.

778 1892 892 1930 sende,
911 1894 997 1925 nicht
1018 1894 1302 1933 unterbrochene,
1332 1892 1450 1935 miste,

780 1940 846 1979 vgl.
868 1939 946 1970 Hor.
967 1938 1028 1970 od.
1049 1941 1078 1978 2,
1104 1939 1153 1978 18,
1179 1939 1238 1971 22:
1261 1941 1452 1972 continente

781 1986 874 2027 νιῗμιις
908 1982 1013 2015 Gron.
1043 1994 1145 2016 verm.
1169 1986 1384 2017 continentis.
1408 2003 1453 2009 —

777 2040 861 2073 pars
876 2048 894 2051 —
909 2031 1036 2061 vicem-c
1050 2048 1070 2052 -
1080 2030 1192 2072 petel).
1214 2029 1257 2061 ist
1272 2030 1382 2061 beides
1397 2029 1458 2062 auf

780 2075 831 2106 dic
849 2072 982 2106 Gallicr
1002 2074 1160 2115 bezogcn,
1179 2085 1202 2105 u
1212 2085 1273 2106 enn
1292 2075 1376 2106 auch
1393 2076 1452 2106 das

779 2119 894 2151 Erstc:
914 2120 961 2151 sie
981 2120 1104 2151 liessen
1119 2121 1291 2159 stranden,
1310 2131 1375 2152 von
1390 2121 1451 2152 dcn

779 2165 956 2196 Scelcutcn
997 2165 1150 2206 gvschah.
1182 2183 1225 2188 —
1260 2166 1377 2197 arbem
1421 2177 1450 2196 n.

781 2210 911 2241 Chium.

829 2255 898 2286 13-
911 2255 960 2286 15.
982 2256 1126 2297 propius
1143 2255 1217 2286 urb.
1237 2255 1300 2286 und
1315 2266 1452 2286 necessu

780 2299 959 2341 coummd„
1000 2300 1030 2331 in
1065 2300 1323 2331 vors‹·hi‹·‹1ene1·
1355 2299 1453 2331 Form

781 2345 1025 2385 uusgcdriickte
1067 2344 1220 2381 Griindc3
1261 2346 1454 2387 ent-posuis&

781 2390 840 2422 auf
853 2390 955 2421 lembi
976 2390 1138 2430 bezogvn,
1164 2390 1225 2419 uic
1244 2401 1272 2420 ‹·.
1296 2390 1345 2425 12,
1364 2391 1393 2420 (ἱ.
1412 2407 1455 2412 -

780 2438 929 2479 pot-lam,
949 2446 1010 2466 vor
1023 2435 1105 2475 dem,
1127 2435 1271 2464 uclvlws
1286 2434 1382 2465 ihm-n
1397 2435 1454 2465 dus

784 2481 920 2511 niichstc
939 2490 1021 2511 war.
1039 2498 1082 2502 —
1101 2481 1217 2520 ‘jz-nari
1233 2484 1294 2510 νῖν.
1307 2503 1314 2517 ,
1339 2479 1453 2511 hiim-n

784 2526 832 2557 sic
858 2525 965 2557 dieses
991 2529 1155 2563 gvuusst,
1187 2534 1223 2554 so
1249 2524 1383 2555 uin-don
1409 2524 1456 2556 sie

784 2571 833 2601 als
859 2570 1073 2601 erbiindctv
1096 2570 1155 2600 ‹lt-r
1185 2568 1318 2609 lliinwr,
1349 2580 1374 2601 s.
1402 2570 1456 2609 35,

785 2617 844 2655 39,
873 2616 928 2655 11,
959 2615 1010 2646 div
1036 2613 1189 2656 'l'rnppcn
1213 2615 1269 2645 ‹lt-s
1294 2614 1456 2647 Eummms

1171 2670 1190 2701 8

1479 755 1518 786 10

1481 924 1518 956 11

1475 1036 1515 1068 12

1479 1149 1518 1181 13

1477 1375 1520 1409 14
