1712 2825
218 200 298 241 298
519 198 766 231 PERIOCHAE
789 198 1012 232 LIBRORUM
1037 197 1316 232 LXVII—LXX.

216 314 288 335 mus
317 302 429 346 populi
459 301 617 342 suffragio
646 305 778 333 creatus
809 306 871 333 est.
916 301 1040 332 Cimbri
1068 301 1210 333 vastatis
1234 300 1401 340 omnibus,
1430 310 1513 343 quae
1541 300 1628 333 inter

216 348 408 381 Rhodanum
426 351 458 378 et
475 346 522 390 Ρη
527 356 682 378 renaeum
700 352 792 385 sunt,
816 356 874 389 per
892 347 1012 378 saltum
1036 346 1068 377 in
1084 346 1273 388 Hispaniam
1289 346 1498 387 transgressi
1518 345 1629 388 ibique

216 394 320 425 multa
335 393 410 425 loca
427 392 584 434 populati,
603 402 622 423 a
639 391 818 423 Celtiberis
836 391 940 432 fugati
958 395 1051 432 sunt,
1076 392 1270 434 reversique
1286 391 1318 422 in
1338 389 1507 423 Galliam
1499 402 1532 422 ιιι
1549 391 1630 423 belli

218 449 313 471 casus
331 448 367 470 se
385 437 545 469 Teutonis
563 437 816 469 coniunxerunt.

762 516 825 548 EX
841 516 918 548 LIB.
938 515 1085 549 LXVIII.

308 571 352 603 Μ.
371 571 533 603 Antonius
557 576 692 614 praetor
718 572 749 602 in
767 570 917 602 Ciliciam
939 570 1122 602 maritimos
1144 571 1327 613 praedones
1350 571 1393 611 [id
1416 575 1468 602 est
1490 570 1629 613 piratas]

219 622 414 660 persecutus
432 621 496 649 est.
530 616 564 648 C
582 617 711 649 Marius
736 616 852 647 consul
877 625 1000 648 summa
1019 615 1053 646 vi
1071 621 1256 667 oppugnata
1279 625 1299 646 a
1315 615 1476 648 Teutonis
1499 620 1533 647 et
1550 614 1629 648 Am-

216 662 376 694 bronibus
394 667 504 694 castra
524 661 680 693 defendit.
715 661 840 692 duobus
864 661 980 692 deiude
1004 661 1140 702 proeliis
1165 661 1255 692 circa
1272 659 1385 703 Aquas
1404 661 1536 693 Sextias
1554 671 1630 693 eos-

217 719 288 751 dem
305 719 420 751 hostes
438 718 579 757 delevit,
604 718 636 749 in
655 717 770 759 quibus
789 727 885 749 caesa
901 718 1081 749 traduntur
1098 717 1241 749 hostium
1260 717 1322 758 CC,
1341 723 1435 760 capta
1453 717 1524 750 XC.
1556 716 1630 749 Ma-

216 764 286 795 rius
305 764 425 796 absens
444 764 589 806 quintum
608 763 723 794 consul
742 768 874 794 creatus
900 768 960 794 cst.
994 762 1194 805 triumphum
1213 763 1357 794 oblatum
1374 764 1477 795 donec
1493 768 1527 795 et
1544 762 1630 795 Cim-

217 809 296 841 bros
331 810 484 841 vinceret
516 808 658 840 distulit.
716 807 838 839 Cimbri
873 818 945 839 cum
974 808 1108 849 repulso
1141 808 1181 839 ab
1211 808 1351 850 Alpibus
1384 807 1562 851 fugatoque
1591 807 1629 850 Q.

218 854 336 886 Catulo
355 853 569 896 proconsule,
593 854 647 894 qui
670 852 782 884 fauces
799 853 930 895 Alpium
949 852 1121 884 obsidebat
1144 854 1324 896 flumenque
1342 853 1493 886 Athesim
1510 868 1526 884 ι
1542 867 1558 884 *
1575 863 1631 885 ea-

220 899 353 931 stellum
371 899 494 930 editum
513 898 692 939 insederat,
711 898 928 940 relinqueret,
947 908 1029 940 quae
1047 902 1154 929 tamen
1173 898 1300 930 virtute
1318 909 1377 930 sua
1395 899 1561 942 explicata
1578 897 1631 930 fu-

218 945 359 986 gientem
384 943 615 986 proconsulem
639 943 886 985 exercitumque
909 947 1085 974 consecuta
1109 948 1177 982 est,
1202 943 1234 974 in
1254 942 1381 975 ltaliam
1404 944 1630 983 traiecissem,

216 990 338 1022 iunctis
356 989 501 1021 eiusdem
516 988 626 1020 Catuli
643 993 675 1019 et
690 988 723 1020 C.
739 987 826 1019 Mari
840 988 1042 1020 exercitibus
1059 988 1185 1030 proelio
1200 988 1282 1019 victi
1296 994 1388 1028 sunt;
1407 989 1439 1020 in
1455 1000 1517 1032 quo
1532 998 1630 1021 caesa

218 1047 397 1079 traduntur
419 1046 561 1077 hostium
581 1045 681 1084 CXL,
700 1050 792 1088 capta
811 1044 884 1076 LX.
925 1043 1050 1076 Marius
1080 1044 1183 1076 totius
1208 1044 1356 1076 civitatis
1387 1055 1550 1077 consensu
1572 1055 1632 1076 ex-

218 1096 333 1134 ceptus
350 1102 409 1134 pro
427 1091 552 1122 duobus
571 1091 756 1132 triumphis,
775 1090 829 1132 qui
846 1090 1080 1128 offerebantur,
1099 1100 1161 1120 uno
1176 1095 1350 1122 contentus
1368 1089 1439 1122 fuit.
1468 1090 1631 1134 primores

218 1137 382 1176 civitatis,
401 1136 455 1178 qui
472 1137 502 1168 ei
520 1136 709 1178 aliquandiu
726 1141 762 1168 ut
780 1146 864 1167 novo
883 1135 1004 1166 homini
1022 1135 1062 1166 ad
1079 1139 1191 1166 tantos
1208 1136 1352 1167 honores
1369 1140 1486 1167 evecto
1505 1135 1632 1167 invide—

218 1187 304 1221 rant,
322 1187 552 1213 conservatam
571 1182 610 1213 ab
628 1192 666 1213 eo
685 1191 754 1213 rem
771 1180 933 1223 publicam
950 1179 1152 1212 fatebantur.
1184 1179 1352 1212 Publicius
1366 1180 1545 1213 Malleolus
1562 1190 1632 1212 ma-

218 1232 270 1260 tre
289 1228 400 1259 occisa
417 1227 543 1268 primus
567 1227 598 1258 in
623 1227 730 1258 culleo
755 1227 885 1258 insutus
909 1226 941 1257 in
964 1236 1053 1257 marc
1071 1225 1308 1268 praecipitatus
1327 1231 1389 1258 est.
1421 1226 1540 1258 ancilia
1558 1235 1631 1258 cum

218 1273 361 1315 strepitu
380 1277 467 1304 mota
486 1282 574 1311 esse,
599 1277 772 1314 antequam
791 1271 988 1302 Cimbricum
1009 1271 1130 1302 bellum
1148 1276 1446 1311 consummaretur,
1472 1270 1630 1304 refertur.

218 1318 306 1350 bella
322 1323 498 1360 praetcrea
515 1318 601 1350 inter
620 1317 738 1361 Syriae
757 1327 853 1357 reges
869 1321 963 1357 gesta
981 1316 1139 1348 continet.

752 1393 814 1425 Ex
838 1392 913 1424 LlB.
932 1392 1095 1423 LXVllll.

309 1448 347 1480 L.
372 1448 531 1491 Apuleius
556 1448 772 1483 Saturninus,
803 1447 980 1479 adiuvante
999 1445 1032 1477 C.
1052 1445 1158 1477 Mario
1185 1451 1217 1477 ct
1240 1456 1298 1488 pcr
1316 1447 1439 1478 milites
1459 1447 1569 1479 occiso
1587 1447 1628 1479 A.

218 1494 349 1526 Nunnio
368 1494 602 1536 competitore,
626 1493 778 1524 tribunus
803 1492 906 1534 plcbis
925 1502 983 1534 per
1001 1491 1064 1522 vim
1083 1496 1232 1531 creatus,
1260 1502 1322 1522 non
1341 1493 1446 1523 minus
1464 1492 1630 1524 violenter

217 1539 421 1570 tribunatum
440 1549 533 1580 quam
553 1538 694 1580 petierat
712 1538 817 1578 gcssit
835 1542 883 1573 ct,
909 1548 979 1568 cum
1004 1537 1108 1576 lcgcm
1133 1536 1298 1577 agrariam
1323 1547 1382 1578 per
1399 1536 1463 1568 vim
1483 1537 1629 1577 tulisset,

219 1584 355 1616 Metello
374 1584 565 1623 Numidico,
584 1584 666 1625 quod
687 1583 717 1613 in
737 1592 806 1614 cam
826 1594 888 1613 non
908 1582 1089 1622 iuraverat,
1108 1581 1190 1613 diem
1209 1581 1304 1612 dixit.
1339 1582 1393 1623 qui
1411 1593 1482 1614 cum
1500 1592 1519 1614 a
1536 1582 1630 1614 bonis

219 1629 346 1661 civibus
370 1628 621 1667 defenderetur,
646 1638 683 1659 nc
708 1638 805 1659 causa
832 1627 1044 1659 certaminum
1063 1631 1167 1666 esset,
1193 1627 1224 1657 in
1246 1627 1382 1658 exilium
1408 1627 1631 1660 voluntarium

217 1674 363 1706 Rhodum
382 1673 550 1716 profectus
568 1679 629 1711 est,
648 1673 756 1715 ibiquc
773 1673 935 1705 audiendo
951 1677 983 1703 ct
1002 1672 1139 1712 legendo
1158 1682 1292 1712 magnos
1308 1672 1398 1704 viros
1412 1682 1453 1704 av
1458 1672 1629 1706 orabatur.

218 1719 366 1763 profecto
386 1721 419 1750 ‹·.
442 1718 586 1758 uarius,
611 1719 784 1750 seditionis
803 1723 937 1757 auctor,
962 1717 1016 1759 qui
1037 1722 1167 1748 sextum
1186 1717 1391 1749 consulatum
1411 1718 1548 1760 pecunia
1571 1728 1630 1761 per

216 1765 324 1797 tribus
344 1775 459 1807 sparsa
477 1769 614 1801 emerat
633 1774 715 1806 aqua
735 1769 767 1796 ct
786 1764 851 1805 igni
869 1762 1053 1795 intudixit
1078 1762 1160 1793 idcm
1176 1762 1336 1804 Apuleius
1353 1762 1550 1795 Saturninus
1566 1763 1629 1795 tri-

219 1810 323 1842 bunus
348 1810 453 1853 plebis
480 1810 514 1841 (¹.
542 1809 726 1841 Memmium
751 1809 959 1840 candidatum
985 1808 1194 1847 consulatus,
1220 1808 1372 1849 quoniam
1395 1808 1629 1841 adversarium

218 1866 290 1887 eum
314 1855 501 1887 actionibus
524 1855 594 1886 suis
619 1855 773 1893 timebat,
804 1854 938 1885 occidit.
973 1853 1090 1895 quibus
1115 1853 1214 1884 rebus
1239 1853 1405 1885 concitato
1430 1858 1563 1895 senatu,
1593 1854 1626 1886 in

218 1902 311 1932 cuius
330 1911 459 1932 causam
479 1906 511 1932 ct
526 1901 559 1931 (J.
575 1899 714 1933 Marius,
731 1900 826 1931 homo
842 1899 929 1930 varii
947 1903 979 1930 ct
999 1898 1168 1929 mutabilis
1187 1898 1312 1939 ingenii
1326 1898 1526 1940 consiliique
1541 1908 1628 1931 sem—

218 1956 277 1987 per
294 1946 470 1977 smmndum
489 1944 670 1980 fortunam,
695 1945 890 1979 transivi-at,
909 1954 1087 1986 oppressus
1104 1943 1206 1974 armis
1225 1954 1296 1974 cum
1315 1943 1453 1976 Glaucia
1473 1948 1628 1985 praetore

220 1995 251 2022 ct
270 1991 346 2021 aliis
362 1991 508 2021 ciusdcm
525 1990 649 2021 suroris
665 1993 763 2021 sociis
777 2001 797 2020 ιι
814 1996 831 2026 †
847 1990 933 2020 bello
948 1989 1085 2030 quodam
1102 1987 1299 2019 intel-sectus
1314 1993 1374 2020 cst.
1406 1989 1442 2029 Q.
1460 1988 1626 2020 Caecilius

218 2034 374 2067 Metellus
391 2036 431 2066 al»
445 2036 549 2066 cxilio
567 2036 691 2073 ingenti
711 2036 814 2066 totius
833 2034 984 2065 civitatis
1005 2032 1120 2064 favore
1139 2032 1294 2063 reductus
1312 2037 1373 2064 cst.
1403 2031 1456 2064 Μ’.
1472 2033 1626 2076 Aquilius

218 2081 395 2123 proconsul
416 2081 446 2111 in
465 2080 580 2111 Sicilia
602 2080 721 2111 bellum
741 2080 866 2111 scrvilc
884 2078 1065 2109 cxcitatum
1083 2076 1238 2109 consevit.

781 2158 838 2189 lix
864 2158 936 2189 Lm.
956 2157 1062 2189 Lxx.

308 2214 386 2245 Cum
407 2212 460 2244 Μ’.
479 2213 632 2255 Aquilius
650 2213 688 2243 ‹lc
708 2213 854 2254 pccuniis
880 2212 1070 2253 rcpctundis
1088 2221 1218 2242 causam
1237 2211 1382 2251 ‹licei-ct,
1408 2212 1476 2255 ipse
1499 2213 1625 2245 iudices

219 2269 337 2299 rogare
357 2259 473 2290 inoluit.
510 2257 550 2289 Μ,
573 2258 752 2293 Antonius,
777 2258 830 2299 qui
852 2268 908 2298 pro
928 2269 965 2286 co
986 2257 1178 2299 pcrorabat,
1204 2257 1347 2289 tunicam
1364 2268 1381 2289 a
1402 2263 1535 2300 pectore
1552 2258 1624 2290 eius

217 2304 366 2343 discidit,
386 2309 417 2335 ut
438 2305 593 2335 hone-stas
610 2303 788 2334 cicatrices
806 2303 1012 2337 osu-ndvret.
1032 2308 1064 2334 ct
1084 2301 1267 2333 indubitate
1285 2303 1456 2335 absolutus
1474 2308 1535 2336 est.
1569 2302 1626 2336 Ci-

217 2360 294 2381 cero
311 2349 382 2381 eius
403 2350 450 2380 rci
469 2349 560 2380 solus
578 2353 703 2380 nuc-m.
739 2347 776 2379 Τ.
799 2347 912 2378 Didius
938 2348 1113 2389 piomnsul
1133 2348 1292 2378 adici-sus
1311 2348 1334 2378 ⁴:
1339 2348 1498 2380 cltiberos
1516 2347 1626 2381 felici—

218 2399 270 2426 ter
300 2406 395 2436 pugn
388 2395 469 2425 vnit.
516 2394 720 2425 l’tolcmacus
752 2394 774 2423 «1
781 2403 839 2425 wc
845 2404 902 2423 nar
908 2404 957 2424 ιιιιι
989 2404 1064 2429 rcx
1095 2393 1145 2423 ‹ui
1177 2403 1334 2434 ‹obnomi
1339 2405 1356 2424 ιι
1380 2393 1521 2436 Apionis
1550 2391 1624 2434 fuit,

218 2445 366 2471 mortuus
385 2440 504 2470 how-«h
511 2450 536 2470 ιιι
557 2439 708 2481 populum
727 2437 805 2469 llom
809 2449 903 2468 ιιιιιιιι
923 2438 1074 2480 icliquit,
1099 2442 1131 2469 ct
1149 2437 1220 2468 cius
1240 2439 1332 2477 rcgni
1352 2438 1508 2470 «ivitates
1526 2448 1624 2471 seua—

217 2490 270 2516 tus
291 2485 355 2516 ΙίΙιι
360 2495 413 2516 rus
431 2495 504 2515 css-c
523 2485 631 2515 iussit.
665 2484 892 2515 Ariolmizunc
896 2494 910 2513 s
929 2484 960 2514 in
980 2493 1015 2515 r·
1018 2493 1114 2523 gnum
1133 2483 1166 2512 (1¹
1160 2483 1359 2524 appmlociac
1377 2494 1395 2515 a
1413 2483 1449 2515 L.
1469 2482 1624 2515 Cornelio

217 2530 310 2573 Sylla
330 2530 485 2561 reductus
503 2534 564 2561 cst.
595 2529 787 2561 Parthorum
807 2529 906 2567 lcgati
926 2539 941 2558 a
963 2539 1039 2568 rcgc
1059 2528 1183 2559 Arsace
1201 2528 1292 2559 missi
1312 2533 1476 2560 venerunt
1492 2528 1530 2560 ud
1545 2528 1625 2572 Syl-

219 2575 298 2613 lum,
324 2579 355 2605 ut
375 2575 555 2606 amicitiam
581 2575 689 2617 populi
709 2573 844 2605 llomani
865 2579 1024 2615 pots-rent.
1059 2573 1092 2604 l’.
1114 2573 1271 2609 Rutilius.
1290 2573 1343 2604 vir
1367 2583 1512 2605 summae
1529 2573 1623 2605 inno-

222 2619 365 2657 ccntiuc,
397 2620 548 2662 quoniam
581 2620 707 2659 lcgutus
738 2620 772 2652 (1,
804 2618 890 2650 Muci
922 2619 1131 2660 proconsulis
1161 2628 1177 2648 a
1209 2618 1456 2660 publicanorum
1487 2618 1622 2651 iniuriis
