1712 2825
362 227 603 260 PERIOCHAE
628 226 849 259 LIBRORUM
875 227 1277 260 CXXVIII—CXXXIII.
1439 228 1518 269 313

636 328 699 360 EX
715 327 790 360 LIB.
811 327 990 360 CXXVHI.

205 381 285 414 Cum
303 381 379 414 Sex.
400 382 572 425 Pompeius
590 393 708 414 rursus
724 382 910 414 latrociniis
928 391 1017 413 mare
1033 381 1186 414 infestum
1202 383 1368 423 redderet,
1388 394 1445 415 nee
1459 394 1517 426 pa-

115 437 198 468 cem,
222 437 316 470 quam
340 432 530 470 acceperat,
554 433 759 469 praestaret,
784 427 908 459 Caesar
932 428 1120 459 necessario
1145 428 1306 460 adversus
1332 439 1405 460 eum
1428 429 1515 460 bello

114 477 267 514 suscepto
291 473 418 504 duobus
442 472 614 504 navalibus
640 473 777 514 proeliis
795 483 868 503 cum
885 472 982 503 dubio
1002 477 1125 503 eventu
1142 473 1309 514 pugnavit.
1346 473 1381 505 P.
1400 474 1518 506 Venti-

113 517 197 558 dius,
215 518 344 557 legatus
359 516 403 549 M.
419 517 553 558 Antoni,
568 516 709 549 Parthos
725 518 756 548 in
771 517 869 561 Syria
881 517 1008 559 proelio
1022 517 1101 548 vicit
1117 528 1289 560 regemque
1303 529 1416 550 eorum
1430 519 1517 550 oeci-

113 562 170 594 dit.
204 562 314 594 Iudaei
331 573 458 604 quoque
476 573 493 594 a
512 563 631 603 legatis
649 563 773 594 Antoni
790 563 919 594 subacti
935 567 1022 594 sunt.
1054 567 1229 604 praeterea
1247 564 1328 595 belli
1343 564 1445 595 Siculi
1459 574 1517 606 ap-

113 612 264 649 paratum
283 607 440 640 continet.

637 688 702 720 EX
719 687 795 719 Llss.
816 686 998 719 CXXVIHI

204 741 377 773 Adversus
399 741 476 773 Sex.
500 741 687 785 Pompeium
710 741 804 773 vario
830 746 951 772 eventu
980 741 1152 773 navalibus
1178 741 1315 783 proeliis
1339 748 1515 783 pugnatum

111 791 179 826 est,
197 786 243 818 ita
260 792 296 818 ut
314 797 354 818 ex
372 787 496 818 duabus
515 787 670 819 Caesaris
694 786 857 818 classibus
875 786 1001 825 altera,
1021 786 1073 817 eui
1090 786 1238 829 Agrippa
1256 792 1425 829 praeerat,
1444 788 1516 819 vin-

112 836 220 872 ceret,
246 832 369 873 altera,
393 842 487 874 quam
511 831 635 864 Caesar
657 832 815 869 duxerat,
839 831 948 862 deleta
973 831 1117 873 expositi
1142 832 1174 862 in
1197 836 1323 863 terram
1342 832 1464 865 milites
1483 834 1514 864 in

111 886 227 918 magno
258 877 404 919 periculo
435 882 557 909 essent.
596 877 705 908 vietus
730 876 846 907 deinde
870 875 1042 917 Pompeius
1068 876 1098 907 in
1126 876 1273 908 Siciliam
1295 876 1371 908 inde
1394 879 1514 910 Asiam

110 920 265 963 profugit.
300 921 343 953 M.
363 921 522 963 Lepidus,
545 922 600 964 qui
623 932 664 953 ex
682 919 797 952 Africa
824 921 916 952 velut
933 922 973 952 ad
991 921 1185 953 societatem
1205 922 1282 952 belli
1301 927 1417 954 contra
1437 922 1514 955 Sex.

110 965 296 1009 Pompeium
315 976 333 998 a
353 967 494 999 Caesare
511 967 647 1008 gerendi
663 966 861 1006 traiecerat,
881 976 952 997 eum
972 966 1093 997 bellum
1112 966 1248 998 Caesari
1265 978 1392 1009 quoque
1411 968 1513 1000 infer—

111 1017 179 1051 ret,
204 1012 342 1044 relictus
367 1012 406 1043 ab
430 1012 598 1051 exercitu,
615 1012 776 1052 abrogato
795 1011 1029 1042 triumviratus
1047 1012 1171 1043 honore
1191 1012 1293 1043 vitam
1310 1012 1513 1054 impetravit.

110 1056 154 1088 M.
172 1056 319 1099 Agrippa
343 1057 453 1088 navali
470 1067 592 1088 corona
609 1068 626 1088 a
645 1057 789 1088 Caesare
806 1057 945 1088 donatus
964 1061 1032 1095 est.
1058 1057 1110 1098 qui
1128 1057 1231 1088 honos
1251 1057 1331 1088 nulli
1349 1063 1424 1089 ante
1442 1068 1514 1090 eum

110 1102 241 1134 habitus
259 1106 341 1134 erat.

656 1181 718 1212 Ex
739 1181 812 1213 LlB.
833 1181 976 1213 CXXX.

201 1235 244 1267 M.
262 1235 426 1267 Antonius
449 1236 523 1267 dum
542 1246 612 1266 eum
632 1234 808 1276 Cleopatra
828 1234 1075 1273 luxuriaretur,
1101 1236 1195 1267 tarde
1221 1235 1361 1268 Mediam
1387 1237 1515 1278 ingres-

110 1302 166 1324 sus
192 1292 312 1323 bellum
335 1302 405 1323 cum
429 1292 616 1332 legionibus
636 1291 740 1323 XVlll
764 1296 797 1323 et
815 1290 893 1323 XVI
911 1292 1057 1333 equitum
1076 1291 1209 1323 Parthis
1229 1292 1362 1332 intulit,
1386 1298 1419 1325 et
1442 1304 1513 1325 cum

109 1337 236 1369 duabus
259 1337 446 1377 legionibus
470 1336 621 1375 amissis,
648 1337 736 1367 nulla
762 1346 797 1367 re
815 1347 972 1378 prospere.
992 1337 1127 1368 cedente
1146 1342 1236 1368 retro
1256 1338 1400 1377 rediret,
1426 1339 1514 1370 insc—

110 1383 197 1414 cutis
216 1382 353 1414 subinde
372 1381 504 1413 Parthis
523 1387 555 1413 et
574 1382 700 1422 ingenti
718 1382 941 1423 trepidatione
960 1386 992 1412 et
1011 1392 1126 1422 magno
1146 1382 1252 1414 totius
1271 1383 1442 1415 exercitus
1460 1394 1514 1426 pc-

100 1427 217 1471 =riculo
242 1427 275 1458 in
300 1427 488 1458 Armeniam
516 1437 674 1458 reversus
699 1431 765 1465 est,
800 1426 877 1457 xxi
902 1427 1017 1457 diebus
1042 1426 1120 1458 CCC
1145 1427 1237 1458 milia
1257 1426 1331 1468 fuga
1351 1438 1513 1460 emensus.

110 1483 201 1516 eirea
218 1473 289 1516 Vsu
307 1483 472 1514 hominum
490 1483 746 1524 tempestatibus
764 1483 886 1514 amisit.
923 1487 1136 1524 tempestates
1155 1494 1282 1525 quoque
1302 1483 1440 1516 infestas
1459 1496 1514 1516 su-

109 1539 168 1571 per
187 1533 251 1560 tam
270 1527 453 1560 infeliciter
470 1533 658 1569 susceptum
677 1527 867 1559 Parthicum
886 1528 1008 1559 bellum
1027 1528 1122 1570 eulpa
1139 1539 1198 1560 sua
1218 1539 1334 1570 passus
1353 1535 1421 1562 est.
1440 1531 1513 1572 quia

109 1574 256 1606 hiemare
275 1575 305 1606 in
326 1574 481 1605 Armenia
502 1573 645 1612 nolebat,
664 1574 736 1604 dum
756 1574 794 1604 ad
812 1573 1023 1615 Cleopatram
1042 1572 1189 1605 festinat.

645 1653 703 1684 lix
725 1652 801 1685 [AB.
821 1653 975 1685 cxxxi.

202 1708 277 1740 Sex.
297 1707 470 1749 Pompeius
494 1717 565 1738 eum
590 1708 621 1738 in
641 1708 733 1739 fidem
753 1706 796 1738 M.
816 1707 940 1739 Antoni
959 1707 1105 1745 veniret,
1126 1707 1246 1739 bellum
1265 1708 1425 1739 adversus
1443 1718 1515 1740 eum

111 1753 143 1785 in
167 1753 249 1785 Asia
277 1753 415 1784 moliens
441 1763 619 1794 oppressus
644 1763 661 1783 a
686 1753 806 1793 legatis
832 1753 902 1784 cius
928 1753 1059 1784 occisus
1078 1758 1140 1784 est.
1175 1753 1298 1783 Cacsar
1316 1753 1512 1785 seditionem

110 1803 344 1830 veteranorum
368 1808 439 1829 cum
463 1808 578 1837 magna
598 1798 744 1839 pernicie
763 1802 882 1829 motam
901 1798 1061 1834 inhibuit,
1089 1798 1225 1840 Iapydas
1244 1803 1275 1829 et
1296 1798 1463 1830 Dalmatas
1481 1804 1513 1831 et

111 1843 298 1875 Pannonios
325 1843 468 1883 subegit.
504 1842 669 1873 Antonius
695 1842 903 1874 Artavasden
930 1843 1105 1874 Armeniae
1132 1853 1242 1883 regem
1263 1843 1324 1874 lide
1342 1844 1419 1874 data
1437 1854 1510 1886 per-

109 1888 240 1920 duetum
261 1889 292 1919 in
313 1888 444 1918 vincula
463 1887 571 1918 conici
591 1887 700 1921 iussit,
719 1898 918 1929 regnumque
933 1887 1109 1918 Armeniae
1130 1888 1196 1918 lilio
1211 1898 1270 1918 suo
1285 1898 1324 1919 ex
1341 1888 1517 1930 Cleopatra

112 1937 188 1964 nato
211 1933 317 1971 (ledit,
342 1943 435 1974 quam
461 1932 578 1963 uxoris
605 1933 676 1963 loco
706 1932 768 1963 iani
794 1932 918 1974 pridem
944 1937 1058 1974 captus
1077 1943 1189 1964 amore
1207 1933 1278 1964 eius
1300 1933 1422 1964 hahere
1440 1944 1517 1965 coe-

111 1982 215 2020 perat.

644 2057 702 2088 iix
720 2057 795 2088 hm.
814 2056 983 2089 cxxxn.

201 2111 325 2143 Caesar
356 2111 388 2143 in
421 2111 558 2154 lllyrico
584 2111 750 2142 Dalmatas
775 2111 911 2142 domuit.
952 2122 1022 2142 euni
1049 2111 1089 2142 M.
1120 2111 1283 2143 Antonius
1309 2113 1348 2143 ob
1371 2123 1513 2143 amorrui

110 2155 317 2198 Cleopatrae,
336 2167 375 2187 cx
394 2168 454 2198 qua
473 2157 554 2187 duos
574 2157 663 2187 lilios
679 2156 827 2198 hahebat,
845 2156 1089 2198 Philadelphum
1108 2162 1139 2188 et
1156 2156 1390 2189 Alexandrum.
1412 2168 1512 2198 neque

112 2200 144 2232 in
168 2201 281 2232 urbem
309 2201 424 2231 venire
449 2202 549 2232 vellet
567 2211 669 2243 neque
688 2201 779 2232 linito
799 2202 1037 2233 triumviratus
1056 2207 1204 2243 tempore
1225 2202 1395 2244 imperium
1414 2202 1512 2243 depo-

113 2255 202 2286 nere,
221 2245 404 2287 bellumque
425 2246 609 2280 moliretnr,
627 2247 710 2287 quod
730 2246 803 2277 urbi
823 2252 853 2278 et
870 2246 984 2278 ltaliae
1001 2246 1152 2278 inferret.
1173 2247 1359 2286 ingentibus
1376 2251 1439 2277 tum
1458 2257 1512 2277 na-

113 2290 243 2322 valibus
261 2301 354 2332 quam
374 2291 593 2321 terrestribus
613 2291 717 2332 copiis
736 2291 775 2322 ob
791 2292 848 2322 hoc
864 2293 1046 2324 contractis
1063 2293 1266 2332 remissoque
1281 2291 1441 2322 Octaviae
1456 2302 1511 2322 sn-

112 2336 182 2367 rori
205 2335 360 2366 Caesaris
386 2335 540 2376 repudio,
566 2336 688 2366 Caesar
713 2336 744 2366 in
771 2335 904 2377 Epirum
931 2348 1001 2368 eum
1026 2337 1176 2367 exercitu
1204 2336 1348 2367 traiecit.
1386 2346 1510 2378 pugnae

111 2380 228 2411 deinde
247 2380 380 2411 :navales
399 2384 428 2410 et
451 2380 574 2421 proelia
595 2381 762 2422 equestria
783 2382 924 2413 secunda
944 2382 1098 2412 Caesaris
1119 2380 1322 2413 reseruntur.

632 2459 989 2493 1⁴:xi„lss.‹:xxxm.

204 2512 246 2544 M.
282 2512 446 2544 Antonius
471 2513 508 2543 ud
529 2513 658 2544 Actium
684 2513 790 2544 classe
815 2515 924 2545 vietus
946 2513 1180 2544 Alexandriam
1209 2513 1372 2555 profugit:
1398 2514 1510 2545 obses-

111 2568 231 2600 susque
250 2568 266 2588 a
286 2558 438 2598 Caesare,
459 2558 488 2588 in
508 2558 621 2588 ultima
640 2558 872 2599 desperatione
892 2569 1010 2597 rerum,
1032 2559 1204 2600 praecipue
1224 2559 1356 2589 occisae
1374 2558 1512 2600 Cleopa-

112 2607 185 2634 trae
209 2602 293 2634 salso
320 2613 450 2633 rumore
476 2603 623 2644 inpulsus
642 2614 677 2633 se
697 2603 765 2644 ipse
786 2603 965 2634 interserit.
1001 2603 1124 2633 Caesar
1145 2603 1348 2634 Alexandria
1370 2603 1401 2634 iu
1421 2608 1511 2645 pote-

112 2651 231 2679 statem
258 2648 407 2681 redacta,
439 2648 633 2688 Cleopatra,
660 2658 697 2677 ne
724 2648 754 2678 in
777 2648 954 2679 arbitrium
982 2648 1122 2679 victoris
1148 2648 1293 2683 veniret.
1319 2648 1509 2679 voluntaria
