1712 2825
222 200 302 239 250
648 195 776 229 LIBER
801 194 967 228 xxxxr.
1015 195 1110 228 CAP.
1138 195 1191 227 19.
1464 210 1490 228 a.
1511 210 1540 228 u.
1559 187 1651 241 sves

221 299 398 339 visendas
419 299 460 338 in
482 298 748 338 Macedoniam
770 302 897 343 erant,
927 298 1003 336 iam
1022 300 1262 335 reverterant
1289 295 1455 335 Romam
1475 306 1626 335 renun-
1656 324 1658 326 »

173 363 192 394 5
220 357 482 407 tiaverantque
501 354 641 394 bellum
662 354 703 393 in
723 354 913 393 Dardania
934 365 1033 392 esse.
1075 352 1193 391 simul
1213 356 1395 391 venerant
1410 355 1448 390 et
1467 350 1514 390 ab
1536 354 1649 402 rege*

222 413 364 452 Perseo
387 417 574 456 oratores,
598 410 663 462 qui
684 414 896 462 purgarent
915 421 986 449 nec
1006 409 1150 448 accitos
1181 408 1227 447 ab
1255 421 1301 447 eo
1323 408 1531 447 Bastarnas
1553 419 1626 447 nec
1647 432 1649 435 -

174 473 193 505 6
223 474 379 508 auctore
405 481 451 507 eo
488 468 694 519 quicquam
721 467 859 505 facere.
909 470 1067 504 senatus
1103 477 1173 504 nec
1205 464 1342 504 liberat
1376 464 1458 503 eius
1493 464 1645 515 culpae,

222 537 349 576 regem
373 537 499 575 neque
520 523 662 574 arguit3
684 522 835 561 moneri
857 534 945 561 eum
967 526 1118 561 tantum
1140 521 1259 560 modo
1290 520 1416 567 iussit,
1441 524 1485 559 ut
1510 520 1626 560 etiam

223 586 338 633 atque
365 582 481 620 etiam
509 584 677 624 curaret,
715 584 758 618 ut
779 583 958 617 sanctum
991 578 1132 617 hahere
1157 577 1316 624 foedus,
1353 576 1459 628 quod
1481 576 1515 615 ei
1537 587 1626 616 cum

175 643 192 673 ἰ·
221 637 406 676 Romanis
427 641 542 681 esset,
565 635 681 674 videri
703 641 849 686 posset.
886 634 1051 673 Dardani
1072 646 1160 673 cum
1180 634 1385 673 Bastarnas
1405 644 1485 672 non
1506 632 1626 671 modo
1650 650 1656 657 ν

221 705 302 732 non
324 693 505 732 excedere
525 692 666 731 finibus
690 691 785 737 suis,
809 691 914 741 quod
936 695 1198 741 speraverant,
1226 690 1293 729 sed
1321 689 1515 740 graviores
1543 688 1628 728 fieri
1655 694 1658 699 '

220 751 259 789 in
281 749 361 788 dies
379 754 593 794 cernerent,
616 747 804 787 subnixos
822 747 1018 786 Thracum
1035 746 1256 786 adcolarum
1273 751 1310 785 et
1327 744 1625 785 Scordiscorum

223 806 382 853 auxiliis,
411 805 630 845 audendum
658 804 801 855 aliquid
829 804 885 842 vel
914 809 1060 842 temere
1086 803 1177 847 rati,
1206 814 1344 841 omnes
1373 801 1542 852 undique
1563 812 1626 840 ar·
1659 846 1661 850 Α

223 863 314 900 mati
341 861 388 900 ad
417 861 624 913 oppidum,
660 860 764 911 quod
800 859 1023 911 proximum
1060 859 1195 898 castris
1228 859 1506 898 Bastarnarum
1533 861 1626 904 erat,

176 922 195 954 8
225 918 472 957 conveniunt.
508 918 661 968 hiemps
683 922 782 963 erat3
810 921 847 954 et
866 916 903 954 id
926 916 1017 955 anni
1036 921 1191 967 tempus
1213 915 1415 966 elegerant,
1442 919 1486 953 ut
1506 914 1630 953 Thra·
1659 932 1661 934 ·

226 987 289 1013 ces
312 974 586 1025 Scordiscique
613 973 652 1011 in
683 973 780 1011 fines
810 984 903 1011 suos
933 972 1093 1011 abirent.
1143 972 1245 1023 quod
1269 971 1334 1010 ubi
1353 972 1404 1010 ita
1425 970 1568 1010 factum
1593 973 1632 1009 et

225 1030 333 1069 solos
361 1030 437 1069 iam
466 1042 551 1068 esse
579 1029 786 1068 Bastarnas
816 1029 1040 1074 audierunt,
1073 1028 1249 1067 bifariam
1278 1027 1454 1066 dividunt
1482 1026 1628 1077 copias,
1660 1068 1663 1070 ,

225 1098 317 1138 pars
337 1092 381 1125 ut
400 1091 506 1125 recto
529 1085 667 1124 itinere
687 1086 733 1124 ad
755 1085 1025 1124 lacessendum
1056 1097 1100 1123 ex
1121 1089 1254 1135 aperto
1283 1083 1369 1130 iret,
1398 1095 1490 1134 pars
1519 1082 1630 1121 devio
1648 1082 1652 1087 '

179 1148 197 1180 9
228 1143 324 1182 saltu
352 1143 614 1182 circumducta
647 1141 693 1180 ab
728 1146 835 1191 tergo
866 1141 1150 1192 adgrederetur.
1204 1145 1373 1179 ceterum
1403 1139 1630 1190 priusquam

227 1199 429 1238 circumire
451 1204 572 1238 castra
594 1197 766 1237 hostium
790 1201 966 1248 possent,
997 1202 1210 1248 pugnatum
1241 1201 1318 1243 est3
1347 1195 1512 1247 victique
1534 1194 1630 1234 Dar·
1655 1196 1658 1198 ’

226 1256 314 1294 dani
337 1255 620 1306 compelluntur
641 1254 681 1292 in
702 1254 850 1299 urbem,
875 1265 971 1304 quae
990 1254 1069 1292 fere
1091 1253 1295 1292 duodecim
1314 1252 1415 1291 milia
1431 1251 1478 1291 ab
1496 1250 1631 1290 castris
1659 1283 1662 1286 ⁴

157 1318 197 1350 10
225 1311 498 1350 Bastarnarum
520 1310 662 1350 aberat.
703 1310 867 1349 victores
889 1309 1096 1349 confestim
1119 1309 1242 1349 secuti
1264 1308 1545 1348 circumsidunt
1562 1319 1634 1348 ur-

225 1367 325 1413 bem,
348 1367 449 1406 haud
470 1366 584 1406 dubie
607 1371 765 1418 postero
789 1366 850 1404 dic
872 1371 937 1405 aut
958 1372 1062 1405 metu
1084 1365 1270 1405 dedituris
1298 1378 1341 1404 se
1362 1364 1543 1404 hostibus
1567 1367 1633 1404 aut

157 1428 195 1461 11
227 1424 262 1462 vi
284 1423 548 1474 expugnaturi.
585 1422 739 1462 interim
757 1422 1023 1461 Dardanorum
1042 1422 1159 1461 altera
1177 1434 1327 1470 manus,
1350 1433 1446 1472 quae
1462 1421 1631 1460 circum·
1657 1431 1663 1434 ·

227 1480 338 1519 ducta
361 1485 452 1526 erat,
474 1479 604 1530 ignara
627 1478 744 1518 cladis
767 1490 942 1525 suorum,
964 1484 1089 1517 castra
1111 1479 1384 1518 Bastarnarum
1413 1477 1497 1517 sine
1518 1489 1632 1528 prae-

226 1536 324 1575 sidio
346 1536 489 1575 relicta.

762 1592 779 1605 ³⁶<
919 1590 936 1607 *
1077 1591 1095 1607 ᾉΚ

227 1730 301 1766 ter„
320 1727 382 1758 wie
401 1726 523 1757 vorher
540 1727 684 1757 emortus
697 1726 735 1767 s.
764 1725 892 1764 (dieses

225 1781 371 1811 genauer
388 1771 438 1802 als
450 1772 550 1802 missi
562 1772 671 1810 erant)
685 1788 707 1792 —
721 1781 795 1813 opp.
810 1773 893 1809 crat,

966 1724 1078 1757 sacher
1094 1725 1159 1756 und
1177 1724 1390 1756 natiirlicher.
1409 1742 1452 1747 —
1467 1722 1576 1756 videri
1588 1733 1633 1766 p„
1664 1752 1667 1755 .

966 1771 1075 1809 wenig
1106 1780 1169 1801 von
1204 1769 1376 1802 videretur
1405 1767 1634 1809 versehiedeu,

227 1827 253 1849 s.
278 1817 332 1858 40,
357 1817 387 1855 5,
416 1816 465 1847 10.
485 1834 527 1838 -
548 1818 743 1859 purgarent
765 1820 840 1848 etc..
865 1826 891 1847 s.

227 1861 410 1903 42‚14,3;
436 1860 488 1899 24,
512 1860 565 1900 47,
590 1861 626 1900 ὃς
656 1860 846 1902 App.1.1.:
874 1857 893 1891 ὁ

229 1905 269 1938 δὲ
287 1903 450 1948 Περσεὺς
467 1904 612 1949 ἑτέρους
634 1903 781 1955 ἔπεμπε
805 1915 893 1949 πρε-

229 1953 327 1992 σβεῖς
350 1948 414 1991 τὴν
430 1947 612 1982 ὑπόνοιαν
629 1948 774 1982 ἐκλυων.
793 1968 830 1972 -
853 1950 895 1981 Ιί-

231 1997 342 2036 beral,
367 1997 406 2027 da
432 1996 483 2026 die
509 1995 566 2026 Hs.
590 1994 736 2026 liberat-e
760 1995 831 2033 bat,
857 2005 893 2026 so

227 2050 333 2072 verm.
352 2040 568 2078 Heerwagen:
594 2039 738 2071 liberare
754 2057 775 2061 —
791 2041 897 2081 argui

228 2085 344 2125 voluit,
363 2096 389 2116 s.
409 2084 462 2123 42,
482 2085 512 2122 5,
534 2084 584 2115 11.
603 2101 647 2106 -
665 2084 795 2127 culpae,
821 2095 846 2116 s.
865 2085 893 2125 5,

229 2130 283 2169 28,
305 2130 337 2161 1:
361 2132 431 2161 von·
444 2129 659 2161 liberaretur.
677 2147 721 2152 —
738 2130 839 2161 elium
863 2139 894 2160 a.

230 2177 285 2214 et„
303 2184 330 2206 ε.
346 2174 399 2213 38,
418 2175 449 2214 ss,
472 2175 505 2212 13
525 2174 578 2212 22,
601 2173 650 2213 13,
668 2174 704 2212 43
725 2173 755 2215 3,
773 2174 826 2212 45,
846 2174 895 2205 10.

229 2220 417 2257 —habere,
442 2220 499 2250 das
518 2219 587 2249 lids.
611 2219 748 2251 liaberet
773 2219 895 2250 kdnnte

229 2264 359 2296 erkliirt
382 2265 528 2295 werden:
559 2274 596 2294 cr
625 2266 719 2303 miige
743 2265 812 2296 sicli
838 2265 894 2295 be—

228 2310 344 2341 miihen
368 2310 426 2340 dns
451 2309 612 2340 Biindniss
632 2309 731 2348 being
755 2320 795 2340 zu
825 2309 893 2340 bal-

230 2360 302 2392 ten,
329 2354 472 2386 welches
496 2364 533 2385 er
557 2354 636 2384 nach
662 2355 784 2385 sennem
809 2354 894 2385 Ver-

229 2398 342 2431 fabren
362 2409 423 2431 nur
440 2399 511 2431 dem
525 2398 663 2430 sencino
678 2400 768 2437 nach,
787 2399 844 2430 dns
859 2410 896 2430 cr

229 2454 313 2484 ganz
332 2454 511 2485 vei-gessen
531 2443 629 2481 habe,
654 2444 692 2474 dn
718 2444 777 2474 der·
794 2444 896 2475 Sonat

229 2489 319 2521 nicht
337 2490 512 2521 wiinschen
531 2488 632 2530 kann,
655 2489 731 2519 dass
750 2489 801 2519 die
822 2489 896 2520 ilci-

231 2534 414 2575 liglmltung
438 2536 495 2566 des
515 2533 714 2565 Biinmnisses
738 2544 799 2564 nur
821 2534 894 2564 eine

231 2579 425 2611 schaeeinbnre
465 2578 591 2618 (m‘dori
618 2579 763 2622 posset),
798 2578 894 2609 keine

232 2624 402 2656 wirklichc
421 2625 479 2666 sei,
501 2624 582 2656 doch
607 2624 651 2656 ist
678 2624 800 2655 habore
823 2623 893 2655 ein-

968 1816 1071 1847 findet
1100 1815 1168 1847 sich
1199 1813 1248 1846 oft
1277 1815 1327 1846 bei
1351 1814 1402 1854 L.,
1433 1823 1459 1845 s.
1489 1813 1549 1852 40,
1580 1811 1634 1853 23,

968 1860 1005 1893 8;
1028 1860 1093 1900 vgl.
1114 1860 1155 1892 ib.
1173 1859 1226 1899 58,
1249 1859 1282 1899 13
1302 1859 1356 1899 37,
1375 1858 1429 1899 60,
1449 1857 1468 1890 2
1482 1869 1514 1890 u.
1533 1867 1563 1890 a.

1014 1905 1123 1936 7-11.
1149 1904 1305 1936 Dardani
1328 1909 1404 1943 etc.,
1428 1903 1480 1935 die
1504 1902 1634 1934 Erziih-

968 1950 1045 1990 lung
1063 1950 1122 1980 der
1139 1948 1217 1989 folg.
1233 1949 1426 1989 Ereignisse
1444 1949 1488 1980 ist
1505 1947 1556 1980 bei
1570 1947 1634 1979 Po-

967 1995 1035 2037 lyb.
1053 1992 1270 2034 nusgefallcn.
1283 2012 1326 2017 —
1338 1993 1520 2034 Scorde'sc„
1537 2003 1565 2025 a.
1579 1991 1634 2032 4⁰,

968 2040 1021 2078 57,
1041 2040 1080 2077 73
1104 2039 1223 2079 aua-il„
1246 2039 1309 2070 wie
1333 2050 1360 2071 c.
1390 2037 1440 2079 12,
1465 2038 1495 2070 5.
1511 2056 1556 2061 -—
1572 2035 1634 2078 vel,
1659 2069 1662 2075 ,

967 2085 1015 2116 sei
1034 2095 1069 2116 es
1087 2085 1181 2116 auch.
1198 2102 1239 2107 —
1252 2083 1375 2127 oppid„
1394 2083 1475 2115 noch
1492 2080 1633 2114 aufdem

969 2129 1088 2162 Gebiet
1113 2130 1171 2161 der
1190 2129 1369 2161 Dardaner.
1387 2145 1433 2152 —-
1449 2130 1483 2161 et
1497 2127 1543 2168 id,
1568 2126 1634 2159 und
1653 2157 1657 2161 .

967 2174 1101 2206 desimib
1119 2175 1231 2207 hatten
1249 2175 1297 2206 sie
1314 2173 1436 2214 ger-nde
1453 2173 1545 2205 diese
1559 2171 1636 2205 Zott

966 2239 988 2243 -
1010 2220 1111 2251 dmnit
1132 2221 1215 2251 ‹lann
1239 2229 1322 2251 usw.
1345 2237 1389 2243 —
1410 2221 1474 2260 ita,
1503 2228 1540 2250 so
1569 2217 1632 2249 wie

968 2266 1015 2296 sic
1042 2269 1218 2303 erwnrtet,
1248 2274 1317 2296 was
1341 2265 1389 2296 sie
1413 2262 1634 2304 benbsichtigt

968 2311 1099 2342 hatten:
1123 2309 1213 2352 quod
1233 2309 1362 2341 scheint
1379 2309 1468 2341 nicht
1484 2308 1557 2340 blos
1573 2307 1634 2339 del·
1652 2319 1659 2336 τ

968 2354 1181 2395 Verbindung
1203 2365 1244 2386 zu
1268 2354 1400 2396 dienen,
1423 2363 1451 2385 s.
1475 2352 1513 2394 6,
1537 2351 1575 2392 8,
1600 2350 1632 2393 2,

967 2401 1110 2431 sondern
1139 2401 1199 2431 den
1228 2399 1352 2439 Bcgriff
1369 2399 1510 2440 iufinee
1537 2397 1633 2430 abin

967 2456 1006 2476 zu
1037 2445 1276 2481 wiederholen3
1307 2454 1347 2475 zu
1375 2443 1467 2475 ⁸⁰10:
1495 2446 1560 2475 ete.
1588 2441 1634 2474 iot
1656 2446 1669 2477 ,⁴
1711 2476 1712 2483 ¹

968 2500 1029 2520 nur
1057 2491 1115 2521 ubi
1143 2501 1184 2521 zu
1207 2489 1346 2521 denken.
1370 2506 1413 2512 —
1435 2486 1577 2530 adgred-
1600 2495 1665 2519 11.Η
1711 2494 1712 2531 J

966 2534 1165 2566 Bastarnas.
1189 2552 1234 2558 —
1256 2532 1466 2573 circum-rid„
1494 2531 1554 2572 36,
1581 2529 1631 2573 ¹³,
1658 2548 1668 2571 ¹=
1696 2533 1712 2573 Γ1

967 2579 984 2609 7
1005 2590 1035 2611 u.
1054 2589 1083 2610 n.
1104 2598 1146 2603 -
1168 2579 1334 2611 dedituris
1350 2597 1372 2601 -
1387 2597 1409 2601 —
1431 2577 1630 2621 ooepugnat„
1648 2579 1670 2618 .'-,·
1702 2591 1712 2611 r

966 2634 993 2655 s.
1009 2624 1040 2664 4,
1059 2624 1106 2665 18,
1124 2624 1160 2662 ὃς
1177 2624 1230 2665 22,
1246 2623 1298 2666 28,
1317 2624 1327 2655 i
1343 2634 1350 2661 ς
1369 2622 1436 2664 vgl.
1450 2622 1492 2655 ib.
1510 2619 1562 2664 19,
1578 2618 1630 2653 11.
1650 2625 1675 2653 ‘.
1707 2619 1712 2640 ³
