1638 2825
49 1239 69 1271 2
99 1229 231 1268 aderat
265 1230 437 1268 sermoni
473 1229 644 1268 vitricus.

102 171 156 211 20
499 166 629 201 LIBER
646 166 815 201 XXXIX.
866 166 958 200 CAP.
979 167 1032 201 10.
1051 167 1104 200 11.

1342 182 1368 201 a.
1388 182 1418 201 u.
1437 174 1501 202 568.

46 279 66 310 5
95 284 169 324 que
188 277 294 311 tuam
317 271 512 323 perditum
532 270 588 310 ire
607 271 684 310 hoc
703 270 804 310 facto
827 274 1023 322 properat.
1067 282 1112 309 eo
1135 269 1257 321 magis
1274 267 1504 308 mirabundo

95 328 389 380 quaerentique,
420 327 509 380 quid
540 327 596 366 rei
618 332 732 376 esset,
760 339 895 379 pacem
915 327 1142 378 veniamque
1162 330 1319 377 precata
1341 325 1507 364 deorum

95 386 352 435 dearumque,
382 384 415 422 si
443 389 574 423 coacta
595 384 750 423 caritate
771 383 852 422 eius
874 383 1020 422 silenda
1041 383 1300 430 enuntiasset,
1330 381 1508 421 ancillam

96 455 138 480 se
159 441 210 480 ait
229 441 409 480 dominae
431 441 612 480 comitem
633 440 671 479 id
689 440 900 479 sacrarium
917 439 1096 484 intrasse,
1117 439 1276 478 liberam
1291 450 1508 489 numquam

47 505 67 537 6
95 498 392 537 eoaccessisse:
425 497 523 536 scire
548 496 856 547 corruptelarum
879 496 1008 534 omnis
1029 495 1182 546 generis
1204 507 1289 534 eam
1312 494 1509 533 officinam

96 566 202 600 esse,
233 559 272 593 et
301 554 377 593 iam
405 553 562 593 biennio
593 558 771 592 constare
798 552 995 591 neminem
1024 552 1215 591 initiatum
1245 551 1297 591 ibi
1318 551 1509 590 maiorem

47 618 66 649 7
98 610 209 649 annis
243 610 385 661 viginti.
427 615 468 649 ut
497 610 659 661 quisque
687 609 929 648 introductus
962 609 1028 655 sit,
1060 608 1162 646 velut
1187 607 1382 646 victimam
1408 605 1511 646 tradi

96 666 382 713 sacerdotibus3
411 679 478 705 eos
502 666 690 705 deducere
712 666 751 704 in
772 665 901 704 locum
925 665 988 716 qui
1011 664 1277 703 circumsonet
1298 662 1508 703 ululatibus

96 729 287 774 cantuque
308 723 561 775 symphoniae
583 728 620 761 et
641 722 907 773 cymbalorum
929 726 967 760 et
987 727 1265 772 tympanorum
1296 720 1430 771 pulsu,
1457 731 1508 758 ne

95 792 169 818 vox
190 779 422 830 quiritantis‚
445 792 532 818 cum
555 791 624 830 per
645 780 722 818 vim
745 784 924 829 stuprum
946 778 1154 824 inferatur,
1176 776 1348 816 exaudiri
1369 775 1508 827 possit.

47 843 67 876 8
97 848 207 875 orare
232 836 321 875 inde
349 842 462 887 atque
489 835 710 883 obsecrare,
738 841 781 874 ut
801 847 886 873 eam
908 847 990 873 rem
1012 846 1259 885 quocumque
1281 833 1402 872 modo
1425 832 1508 871 dis-

96 897 259 939 cuteret,
279 904 351 931 nec
372 905 414 931 se
435 905 479 930 eo
504 892 780 944 praecipitaret,
804 891 868 930 ubi
892 891 1024 930 omnia
1045 890 1201 929 infanda
1221 889 1401 941 patienda
1423 888 1508 940 pri-

47 956 67 988 9
96 961 223 995 mum,
252 949 391 988 deinde
420 949 592 987 facienda
620 954 761 987 essent.

20 1007 71 1045 11
101 1005 218 1044 fidem
240 1005 344 1044 dedit
363 1005 589 1044 adulescens
607 1005 652 1043 ab
670 1005 729 1043 his
748 1004 868 1043 sacris
886 1017 928 1043 se
943 1009 1263 1055 temperaturum.
1295 1002 1512 1052 Postquam

818 960 942 998 neque
969 952 1056 986 ante
1086 946 1233 986 dimisit
1255 958 1363 992 eum,
1392 957 1511 996 quam

96 1061 258 1100 domum
285 1062 408 1106 venit,
444 1067 481 1099 et
508 1066 630 1099 mater
659 1061 898 1099 mentionem
928 1060 1074 1105 intulit,
1110 1059 1199 1110 quid
1229 1071 1274 1097 eo
1300 1058 1383 1105 die,
1417 1057 1510 1109 quid

97 1116 279 1168 deinceps
302 1117 451 1163 ceteris,
474 1129 572 1167 quae
593 1117 639 1155 ad
661 1129 768 1154 sacra
779 1116 1040 1166 pertinerent,
1061 1115 1282 1154 faciendum
1300 1118 1416 1161 esset,
1438 1125 1511 1152 ne—

99 1178 164 1224 gat
183 1185 319 1212 eorum
343 1186 386 1212 se
408 1173 612 1224 quicquam
633 1173 826 1211 facturum
847 1183 919 1210 nec
939 1171 1078 1210 initiari
1101 1170 1172 1210 sibi
1194 1171 1233 1210 in
1256 1170 1386 1210 animo
1409 1182 1509 1209 esse.

705 1228 911 1267 confestim
946 1227 1084 1267 mulier
1118 1227 1304 1266 exclamat
1332 1225 1511 1277 Hispalae

99 1285 309 1324 concubitu
344 1298 471 1324 carere
498 1298 586 1324 eum
615 1285 746 1323 decem
775 1290 909 1323 noctes
939 1296 1018 1322 non
1048 1296 1182 1335 posse,
1211 1283 1310 1322 illius
1337 1287 1510 1322 excetrae

99 1342 368 1381 delenimentis
405 1347 443 1380 et
472 1341 628 1380 venenis
658 1341 848 1379 imbutum
880 1353 952 1379 nec
979 1341 1149 1391 parentis
1178 1351 1251 1378 nec
1278 1339 1400 1378 vitrici
1438 1350 1511 1378 nec

99 1398 262 1437 deorum
280 1398 550 1437 verecundiam
573 1397 723 1436 habere.
765 1397 959 1446 iurgantes
982 1397 1072 1436 hinc
1088 1401 1222 1441 mater,
1244 1396 1333 1434 hinc
1351 1394 1509 1434 vitricus

51 1466 71 1498 3
102 1466 189 1494 cum
219 1460 400 1505 quattuor
429 1467 517 1493 eum
545 1454 663 1492 servis
693 1454 811 1492 domo
839 1459 1059 1503 exegerunt.
1101 1452 1325 1492 adulescens
1353 1452 1443 1491 inde
1463 1451 1511 1491 ad

100 1511 303 1550 Aebutiam
339 1523 380 1549 se
415 1510 571 1549 amitam
604 1510 765 1548 contulit
792 1522 1023 1560 causamque
1051 1510 1097 1554 ei,
1129 1521 1196 1548 cur
1223 1514 1327 1547 esset
1348 1521 1368 1547 a
1388 1512 1512 1547 matre

101 1567 265 1616 eiectus,
294 1567 473 1613 narravit,
494 1566 632 1605 deinde
653 1579 697 1604 ex
720 1567 944 1605 auctoritate
965 1566 1045 1604 eius
1069 1570 1230 1616 postero
1253 1565 1313 1603 die
1344 1565 1390 1603 ad
1414 1575 1511 1604 con-

147 1690 235 1722 4-8.
271 1693 461 1734 properat.,
494 1701 530 1722 so
561 1689 689 1721 schnell
721 1689 770 1720 als

102 1737 257 1777 miiglich,
276 1747 313 1767 er
331 1737 443 1767 nimmt
457 1735 524 1767 sich
545 1736 634 1766 nicht
652 1734 771 1766 einmal

102 1781 178 1813 Zeit
195 1782 290 1813 dazu.
308 1800 352 1804 —
369 1780 448 1823 quid
468 1791 495 1812 ν’.
514 1791 561 1811 es.
580 1780 608 1820 3,
629 1780 659 1819 4,
679 1780 709 1810 5.
728 1797 772 1802 ——-

100 1837 174 1870 pac.
188 1837 272 1867 vem,
295 1826 321 1866 1,
340 1826 394 1865 31,
413 1825 771 1864 7323,11,1.-si-

102 1872 199 1903 lenda
213 1887 232 1897 ε
246 1882 330 1913 quac
347 1870 475 1902 silenda
493 1873 621 1908 essent,
642 1870 704 1900 wic
723 1871 770 1900 ri-

102 1913 224 1955 senda‚
249 1915 397 1959 optanda
414 1926 444 1946 u.
464 1916 510 1946 h.
531 1925 557 1946 s.
577 1914 636 1953 38,
666 1914 719 1952 15,
740 1914 770 1944 5.

102 1979 147 1984 —
164 1961 215 1992 vel
230 1963 322 1999 vict,
344 1961 397 2000 10,
420 1960 474 1998 3⁹3,
493 1960 523 1990 9.
542 1977 586 1981 -
603 1958 772 1996 deducar„

103 2006 294 2046 angemein,
326 2006 383 2036 das
413 2004 533 2045 (lbject
562 2003 644 2034 wird
675 2003 773 2033 leicht

103 2062 163 2083 aus
181 2051 253 2082 dem
269 2050 552 2087 Zusammcnlmng
569 2058 773 2088 genommen,

105 2097 156 2128 die
172 2095 434 2134 Wiederholung
449 2096 553 2125 vonis
572 2093 772 2124 vemnieden.

103 2159 148 2165 —
171 2143 272 2172 cantu
294 2141 443 2183 symph,
467 2139 533 2170 Cic.
553 2138 649 2169 verr.
671 2139 701 2177 ὃ,
723 2138 773 2177 13,

106 2187 166 2218 31:
211 2186 393 2218 multarum
434 2185 569 2215 vocibus
609 2186 774 2224 cantuque

105 2231 342 2275 symphoniam
363 2230 396 2262 S.
413 2229 506 2261 llosr.
522 2229 576 2267 40,
600 2229 676 2259 134:
695 2239 773 2259 can-

107 2280 143 2309 tu
166 2287 283 2308 vocum
303 2278 335 2306 et
352 2285 534 2306 nervorum
552 2277 583 2305 el
603 2275 775 2312 libiarum,

107 2320 156 2354 ost
172 2322 253 2353 auch
273 2331 334 2352 nur
354 2320 567 2363 symphonia.
585 2336 629 2341 —
646 2320 774 2360 quirit„

106 2378 133 2399 s.
153 2377 182 2398 c.
200 2366 230 2408 8,
251 2367 281 2399 ⁶5.
300 2384 342 2389 —
360 2376 429 2404 nec,
450 2366 503 2404 4⁴),
521 2366 552 2403 ss,
572 2365 603 2395 5.

156 2406 224 2444 ll.
248 2411 257 2442 1
271 2429 290 2433 --
301 2411 331 2442 3.
348 2422 433 2453 quan
443 2412 676 2453 —-pm·!e’11‹·rcnl
691 2409 775 2439 kann

108 2457 159 2489 als
178 2454 238 2488 frvi
258 2455 511 2494 hinzugesu'gtor
526 2455 604 2485 Sntz
624 2454 775 2485 batrach-

109 2500 321 2539 tet‘werden,
339 2502 398 2532 ‹le-,r
413 2501 472 2532 den
490 2501 519 2532 iu
534 2499 623 2543 quid
637 2501 776 2540 savien-

109 2547 189 2579 dum
207 2550 296 2579 essct
311 2546 482 2585 linge-aden
499 2545 622 2585 Begrin·
631 2555 776 2584 gennucr

109 2593 285 2634 bcgronzt3
313 2603 429 2624 eorum
457 2592 560 2623 dovor
583 2601 623 2623 zu
647 2589 774 2622 deuken

844 1689 972 1720 scheint
992 1689 1080 1720 nicht
1098 1688 1228 1728 niithig,
1254 1687 1321 1728 vgl.
1339 1697 1367 1718 c.
1388 1686 1440 1728 16,
1462 1685 1513 1718 13.

844 1752 888 1757 —-
913 1735 1056 1774 initiari,
1087 1734 1155 1765 sich
1180 1733 1363 1764 einweihen
1389 1732 1514 1764 lassen.

843 1797 888 1802 —
920 1782 1095 1818 arceb-ae,
1130 1779 1210 1809 nach
1240 1777 1379 1809 Servius
1409 1776 1511 1816 Verg.

845 1825 928 1855 Aen.
948 1825 978 1863 (ὃ,
997 1823 1077 1855 237:
1102 1823 1213 1865 hydra
1234 1832 1374 1864 sot-pem
1391 1823 1512 1853 imma-

844 1871 896 1900 nis
914 1867 1170 1909 magnitudinis,
1191 1877 1274 1907 quae
1281 1867 1361 1907 snit
1377 1867 1411 1898 in
1429 1865 1513 1898 Ler-

844 1924 897 1953 na,
915 1915 1123 1954 „abacorum
1137 1911 1266 1955 palude,
1281 1911 1429 1951 biiuliger
1443 1915 1513 1943 tro·

846 1958 935 1999 pisel}
983 1968 1045 1988 von
1092 1957 1212 1995 biisen,
1260 1956 1513 1989 vcrderblichen

847 2002 991 2034 Frauen.
1014 2020 1057 2025 —-
1080 2002 1250 2041 delenita„
1281 2001 1341 2042 30,
1374 2000 1430 2042 13,
1457 2001 1514 2035 12:

846 2047 934 2079 illam
957 2048 1095 2089 suriam
1128 2050 1321 2090 postemque
1360 2047 1514 2080 omnibus

846 2092 1078 2124 slelmzimcnlis
1108 2094 1259 2124 animum
1286 2102 1387 2124 snum
1415 2102 1514 2125 aver·-

848 2140 940 2175 tt'ssa,
959 2138 1081 2168 ebcnso
1100 2148 1240 2175 venena,
1262 2137 1514 2179 Zaubermitteh

847 2182 1116 2222 Zaubrrtriinkc,
1148 2193 1187 2213 an
1224 2193 1252 2214 u.
1287 2182 1335 2214 st.
1371 2182 1515 2222 bildlich,

847 2224 1053 2270 θελκτήρια.
1079 2247 1120 2250 -v
1144 2229 1221 2259 him.-
1250 2248 1259 2249 ff
1279 2228 1371 2267 hinc,
1399 2227 1434 2268 l,
1463 2227 1513 2266 13,

848 2273 878 2304 2.
898 2291 941 2296 —-
957 2284 978 2304 a
995 2276 1115 2311 matra,
1134 2283 1160 2304 s,
1179 2273 1197 2313 ξ
1217 2273 1246 2304 7.
1265 2292 1305 2297 —-
1323 2272 1369 2305 ad
1384 2283 1475 2305 cons.
1493 2290 1514 2295 -

847 2318 925 2354 dei..
945 2319 1023 2349 nach
1043 2319 1113 2349 dom
1134 2318 1226 2357 Folg.
1247 2319 1353 2349 mucht
1371 2327 1409 2349 er
1426 2317 1515 2349 nicht

847 2363 946 2394 alh-in
978 2374 1039 2393 von
1066 2364 1135 2394 dom
1162 2364 1224 2395 ihm
1249 2360 1514 2394 widerl'nhrenen

849 2408 1005 2449 Ungliivk,
1022 2410 1162 2439 sonum-n
1180 2407 1359 2439 besonders
1374 2417 1436 2438 von
1451 2407 1513 2439 den

850 2453 1083 2484 {zm-chanana„
1102 2453 1265 2493 Anzeigo;
1281 2451 1513 2493 eineAnklngo

849 2509 909 2530 vor
927 2499 998 2529 dvm
1019 2498 1136 2529 l’riitor
1153 2499 1236 2529 kann
1255 2508 1292 2529 er
1309 2497 1359 2528 als
1378 2497 1514 2529 unmiiu-

848 2544 902 2583 dig
925 2544 987 2574 und
1014 2545 1095 2574 ohne
1116 2543 1281 2575 varmum!
1308 2543 1395 2574 nicht
1419 2543 1516 2575 erhe-

849 2589 922 2620 beu.
