1638 2825
89 192 115 210 a.
137 184 191 212 Ch.
213 184 274 210 186.

503 169 632 205 LIBER
648 171 814 204 XXXIX.
857 171 950 204 CAP.
972 172 1024 206 11.
1046 173 1099 206 12.
1445 175 1497 214 21

91 278 213 318 sulem
235 275 480 316 Postumium
503 274 656 314 arbitris
673 275 837 314 remotis
854 287 936 314 rem
955 275 1100 315 detulit.
1139 276 1275 316 consul
1290 281 1383 328 post
1399 276 1499 316 diem
1526 283 1549 315 4

88 333 244 374 tertium
273 331 399 371 redire
422 332 468 371 ad
491 344 533 371 se
553 332 705 371 iussum
727 332 893 380 dimisit,
927 332 1012 384 ipse
1035 332 1245 383 Sulpiciam
1267 344 1420 383 gravem
1441 333 1502 372 fe-

85 389 246 436 minam,
269 401 426 428 socrum
449 401 577 432 suam,
600 393 871 439 percunctatus
894 395 964 437 est,
986 401 1146 440 ecquam
1165 401 1281 428 anum
1299 389 1501 430 Aebutiam

86 458 132 485 ex
148 446 336 484 Aventino
360 450 510 484 nosset.
551 458 637 484 cum
662 458 747 484 eam
768 457 889 485 nosse
905 446 1070 497 probam
1090 450 1128 484 et
1143 445 1289 496 antiqui
1305 447 1428 485 moris
1444 446 1502 485 fe·
1532 453 1552 486 5

83 503 230 542 minam
260 502 550 554 respondisset,
580 514 680 553 opus
711 514 798 541 esse
820 502 892 541 sibi
915 516 957 542 ea
979 508 1166 542 conventa
1189 502 1300 541 dixit:
1333 503 1504 542 mitteret

83 559 264 599 nuntium
286 560 333 598 ad
355 571 459 606 eam,
481 563 524 598 ut
544 559 702 598 veniret.

756 558 916 598 Aebutia
938 559 1058 598 accita
1079 559 1125 599 ad
1148 558 1362 610 Sulpiciam
1387 559 1501 606 venit,
1531 566 1552 599 6

85 620 124 655 et
144 615 282 655 consul
302 615 416 667 paulo
438 620 542 667 post,
565 615 668 654 velut
686 615 788 654 forte
809 616 1090 662 intervenisset,
1115 627 1338 655 sermonem
1361 616 1408 654 de
1429 616 1504 654 Ae-

85 671 194 712 butio
221 672 351 712 fratris
373 672 454 711 eius
477 672 554 710 filio
576 672 704 711 infert.
757 673 936 712 lacrimae
957 672 1108 712 mulieri
1131 672 1303 719 obortae,
1326 677 1363 711 et
1383 672 1502 711 mise·
1533 682 1551 713 7

83 729 162 768 rari
192 740 324 768 casum
352 728 612 768 adulescentis
642 729 788 782 coepit,
826 729 891 780 qui
919 729 1109 781 spoliatus
1130 729 1300 768 fortunis
1322 742 1341 768 a
1364 728 1505 780 quibus

76 785 245 825 minime
266 790 464 837 oporteret
486 785 588 837 apud
611 798 653 824 se
673 791 766 824 tunc
787 791 901 832 esset,
924 786 1069 825 eiectus
1092 799 1112 825 a
1129 791 1264 832 matre,
1287 786 1390 836 quod
1408 797 1506 837 pro-

84 841 159 882 bus
180 842 409 882 adulescens
431 865 486 870 —
508 842 557 880 dii
580 842 739 893 propitii
762 847 894 882 essent
913 866 965 871 —
991 842 1187 889 obscenis,
1210 847 1253 882 ut
1272 842 1374 881 fama
1391 848 1505 890 esset,

87 899 209 938 sacris
231 898 370 938 initiari
393 898 521 938 nollet.

199 956 301 995 Satis
330 956 571 1007 exploratum
600 955 647 994 de
668 955 831 994 Aebutio
856 961 962 995 ratus
984 955 1122 995 consul
1141 966 1223 994 non
1244 966 1384 994 vanum
1408 967 1499 995 auc·
1531 959 1585 998 12

85 1016 212 1051 torem
235 1025 333 1061 esse,
356 1012 516 1051 dimissa
538 1012 698 1051 Aebutia
720 1024 878 1051 socrum
900 1018 1023 1064 rogat,
1045 1018 1088 1052 ut
1107 1012 1306 1064 Hispalam
1330 1011 1504 1051 indidem

86 1081 131 1108 ex
151 1069 342 1108 Aventino
364 1069 596 1115 libertinam,
618 1081 699 1108 non
721 1069 893 1120 ignotam
911 1070 1084 1117 viciniae,
1107 1073 1322 1109 arcesseret
1337 1069 1383 1107 ad
1401 1081 1504 1108 sese:

88 1138 171 1164 eam
207 1137 363 1176 quoque
400 1138 488 1164 esse
521 1138 617 1176 quae
649 1126 896 1175 percunctari
925 1126 1045 1165 vellet.

86 1181 310 1232 perturbata
336 1181 512 1232 Hispala,
548 1181 652 1232 quod
683 1181 729 1220 ad
765 1187 843 1220 tam
875 1182 1045 1221 nobilem
1075 1187 1112 1221 et
1138 1194 1291 1233 gravem
1317 1181 1505 1221 feminam

86 1238 217 1288 ignara
249 1250 385 1277 causae
413 1244 694 1284 arcesseretur,
723 1243 933 1289 postquam
963 1239 1119 1278 lictores
1149 1239 1188 1277 in
1210 1237 1400 1277 vestibulo
1421 1243 1506 1277 tur-

85 1292 251 1345 bamque
273 1293 516 1333 consularem
539 1300 577 1333 et
598 1294 799 1333 consulem
820 1295 951 1346 ipsum
975 1295 1198 1346 conspexit,
1227 1306 1352 1345 prope
1373 1295 1505 1334 exani-

132 1429 242 1461 4-7,
263 1439 415 1471 gravem,
434 1429 637 1470 ehrwiirdig,
657 1439 684 1460 c.
707 1428 758 1469 12,

87 1474 125 1514 23
160 1473 217 1516 13,
247 1474 266 1505 3
297 1475 363 1515 vgl.
388 1475 448 1515 38,
478 1474 691 1514 24,11.—
714 1486 759 1507 ecc

86 1523 227 1561 Arent„
250 1520 443 1560 attributiv,
468 1531 494 1551 s.
520 1531 548 1551 c.
570 1519 620 1559 12,
641 1520 677 1559 13
702 1519 755 1561 30,

87 1566 142 1607 38,
161 1566 196 1597 5:
215 1568 421 1598 commeatus
439 1577 484 1598 επ)
499 1563 677 1605 Sardinia;
701 1565 756 1605 45,

86 1611 141 1652 43,
163 1610 220 1651 10;
244 1611 311 1652 vgl.
332 1611 359 1650 1,
377 1611 431 1651 50,
451 1610 486 1642 3:
510 1610 697 1643 Herdonius
714 1612 756 1643 ab

86 1658 218 1694 Aricia,
250 1656 284 1698 2,
315 1655 371 1697 28,
399 1656 432 1687 1:
456 1658 489 1687 in
513 1658 691 1688 Aventino.
711 1674 755 1679 —

88 1711 163 1733 eam
175 1711 282 1743 n.pr.,
297 1700 365 1732 Cic.
381 1701 421 1732 de
436 1701 526 1741 or.2,
546 1700 574 1742 6,
595 1701 653 1732 25:
671 1701 756 1733 Lae-

87 1745 188 1785 lium,
213 1756 310 1787 quem
333 1747 552 1786 cognovimus
570 1747 682 1777 virum
700 1748 756 1778 bo-

86 1800 186 1828 nmn3
203 1789 294 1822 Fam.
318 1790 366 1829 ll,
386 1790 439 1831 22,
461 1791 491 1821 1:
511 1792 759 1833 cumscrtissi—

85 1846 164 1868 mus
182 1837 341 1877 cognitus
358 1838 418 1867 sis.
431 1853 476 1858 -——
489 1839 558 1868 aut.
571 1838 688 1878 moris,
706 1836 758 1878 42,

86 1881 142 1922 47,
160 1880 194 1912 4:
219 1883 346 1912 veteres
370 1883 403 1912 et
418 1882 550 1922 antt'quz'
565 1884 672 1913 moris
688 1893 759 1913 me-

86 1936 212 1959 mores,
230 1944 275 1949 —
290 1925 390 1967 velut,
408 1925 439 1963 2,
459 1926 512 1966 36,
534 1926 568 1964 1;
591 1926 645 1967 40,
667 1926 718 1964 12,
740 1927 752 1958 1

87 1982 120 2004 u.
145 1969 210 2011 oft3
240 1980 364 2003 warum
391 1971 450 2002 der
474 1971 591 2003 Schein
612 1972 668 2003 des
687 1971 756 2003 Zu-

85 2015 223 2058 szilligeu
248 2017 386 2057 gesucht
406 2017 489 2049 wird
508 2018 587 2049 nach
607 2018 678 2049 dem
697 2017 717 2059 ξ
737 2017 755 2049 3

85 2061 285 2095 Bemerkten
305 2063 348 2094 ist
366 2062 455 2094 nicht
473 2062 556 2094 klnr.
589 2063 656 2094 Dor
673 2062 759 2095 Con-

87 2108 138 2139 sul
163 2106 288 2148 befolgt
311 2118 363 2139 um
381 2108 432 2139 die
450 2108 555 2139 Sacbe
574 2109 614 2140 im
634 2108 757 2141 Senate

86 2153 137 2186 als
155 2153 228 2185 eine
243 2153 372 2184 sichere
388 2164 447 2185 zur
460 2154 604 2196 Spraclie
619 2154 756 2195 bringcn

88 2209 129 2230 zu
154 2198 302 2239 kiinncn,
333 2199 390 2231 das
414 2199 555 2238 damals,
580 2200 700 2231 anders
725 2200 755 2231 in

88 2242 242 2276 traherer
259 2243 350 2285 Zeit,
375 2255 401 2276 s.
419 2244 599 2276 Mommsen
628 2245 656 2286 1,
684 2245 758 2285 139,

88 2289 120 2320 in
167 2288 613 2331 Criminaluntersuchungen
663 2295 758 2322 sonst

88 2334 178 2366 nicht
216 2335 444 2374 gewiilmlicbe
490 2336 758 2378 inquisitorische

87 2377 292 2418 Versabren,
316 2390 342 2411 S.
368 2392 394 2411 c.
416 2381 465 2422 l4,
484 2381 514 2413 3.
530 2400 574 2404 —
591 2382 694 2425 spol.‚
719 2382 758 2413 du

89 2425 142 2457 die
172 2424 289 2457 Eltcrn
321 2427 391 2457 sein
422 2436 544 2466 ganzes
571 2427 756 2466 Vcrmiigen

89 2470 369 2502 zuriickbelmlten
396 2472 511 2503 huben.
531 2491 572 2495 —
590 2483 611 2504 a
634 2474 724 2515 quib.
753 2492 758 2495 >

89 2518 218 2559 oport„
244 2526 269 2547 s.
289 2527 316 2547 c.
337 2517 394 2558 21,
423 2517 480 2555 11;
506 2516 564 2555 31,
586 2518 622 2554 3,
641 2519 678 2556 2;
705 2518 758 2558 29,

89 2560 149 2602 30,
171 2561 221 2603 11,
241 2562 508 2603 νς1μ12,37,8;
533 2563 600 2595 Cic.
618 2563 709 2595 Fam.
730 2564 759 2605 5,

92 2607 103 2637 1
119 2631 126 2647 ,
151 2606 162 2638 1
178 2618 185 2638 :
209 2606 305 2639 video
322 2607 415 2640 illum
433 2609 699 2642 circmnvenlum
715 2627 758 2632 —

831 1440 852 1461 a
876 1431 996 1472 quibus
1015 1431 1153 1462 minime
1177 1432 1404 1464 conveniebat.
1424 1441 1455 1462 u.
1474 1440 1503 1462 a.

830 1492 876 1498 —
900 1475 947 1507 dii
965 1486 1020 1518 pr.
1040 1486 1097 1516 es„
1123 1486 1176 1507 um
1195 1477 1286 1508 ihren
1307 1475 1396 1508 Zorn
1421 1475 1508 1507 iiber

830 1521 882 1552 die
911 1519 990 1561 folg.
1024 1521 1241 1563 Aeusserung
1268 1522 1506 1561 abzuwenden‚

830 1566 896 1606 vgl.
916 1566 944 1608 9,
968 1566 1091 1608 19,15.

875 1651 943 1688 12.
980 1657 1009 1688 l.
1047 1657 1088 1689 de
1116 1659 1263 1690 Aebutio
1291 1659 1347 1690 hat
1375 1657 1444 1690 sich
1467 1666 1508 1688 an

827 1701 1046 1745 eoeploratum
1096 1704 1373 1744 angeschlossen,
1425 1707 1510 1735 statt

830 1748 907 1778 dass
938 1758 974 1778 es
1000 1748 1029 1779 in
1055 1748 1127 1780 dem
1151 1749 1358 1789 abh'zingigen
1382 1759 1450 1780 acc.
1477 1759 1506 1779 c.

830 1790 888 1823 inf.
907 1793 1023 1824 stehen
1043 1793 1154 1830 sollte,
1173 1795 1239 1834 vgl.
1261 1794 1328 1826 Cic.
1345 1794 1435 1825 Brut.
1455 1793 1506 1835 15,

831 1837 889 1868 57:
915 1837 955 1868 de
978 1848 1041 1879 quo
1066 1841 1112 1869 sit
1127 1841 1311 1870 memoriae
1331 1838 1508 1882 proditum

830 1882 1177 1924 eloquentemsai5w3
1198 1885 1239 1915 ib.
1257 1883 1310 1923 28,
1331 1883 1411 1922 109;
1432 1883 1505 1915 Fin.

833 1928 868 1968 1,
892 1927 929 1968 2,
954 1928 990 1959 5:
1021 1928 1061 1960 de
1089 1940 1152 1971 qno
1175 1929 1330 1961 Licinius
1341 1931 1507 1971 ferreum

830 1975 1051 2016 scriptorem3
1079 1984 1115 2006 cs
1135 1975 1179 2006 ist
1202 1975 1350 2006 dieselbe
1369 1975 1507 2006 Attrac-

831 2019 899 2050 tion
930 2019 993 2050 wie
1018 2019 1077 2062 42,
1100 2020 1159 2062 40,
1187 2020 1219 2052 1:
1250 2022 1426 2064 expectari
1444 2031 1507 2053 nos

830 2065 981 2096 arbitror
999 2069 1081 2104 etc.;
1101 2064 1152 2107 23,
1175 2066 1224 2105 10,
1243 2065 1277 2097 3:
1298 2077 1372 2097 enm
1390 2068 1507 2109 postu-

831 2109 902 2141 lare
920 2113 975 2149 ηις
1002 2114 1107 2142 etwas
1125 2111 1343 2143 verschicden
1364 2111 1435 2142 sind
1454 2111 1506 2143 die

831 2155 944 2193 Fame,
970 2166 1020 2187 wo
1038 2157 1070 2187 is
1096 2154 1197 2197 solgt,
1221 2167 1248 2188 s.
1268 2156 1335 2188 Cic.
1355 2156 1453 2189 Verr.
1473 2156 1505 2196 4,

835 2200 885 2242 18,
904 2200 962 2232 38:
984 2201 1024 2233 de
1040 2202 1101 2232 hoc
1120 2202 1137 2234 Ι
1146 2202 1227 2234 'er-ri
1243 2202 1367 2234 dicitur
1383 2202 1507 2234 habere

831 2257 921 2286 eum,
939 2247 1006 2286 vgl.
1027 2257 1065 2277 zu
1086 2246 1139 2286 29,
1158 2247 1212 2287 21,
1231 2248 1262 2279 ὃ.
1280 2265 1324 2270 -
1342 2247 1458 2287 indici„
1477 2257 1504 2277 c.

833 2292 864 2332 8,
890 2291 927 2329 ὃς
948 2292 1000 2323 dic
1027 2293 1150 2324 niiliere
1172 2293 1414 2331 Bestinnnung,
1440 2292 1504 2322 wie

833 2337 887 2378 25,
908 2337 956 2378 15,
975 2338 1012 2376 73
1036 2338 1104 2369 Cic.
1123 2338 1157 2370 S.
1176 2338 1275 2370 Rosc.
1296 2339 1349 2377 27,
1370 2337 1428 2367 7·1;
1449 2339 1501 2368 in-

833 2382 987 2414 didemne
1012 2385 1168 2423 Aumria,
1193 2384 1281 2416 Gell.
1301 2384 1317 2413 ‘a'
1346 2382 1420 2422 (6),
1448 2382 1504 2413 1οε

832 2427 988 2460 Euclides
1003 2429 1148 2461 indidem
1163 2430 1316 2470 Megaris
1335 2430 1419 2465 erae,
1438 2427 1505 2468 vgl.

833 2473 894 2513 41,
917 2474 971 2516 Π,
990 2476 1020 2505 b.
1039 2492 1079 2497 —
1100 2486 1165 2506 non
1188 2477 1275 2516 igin,
1301 2484 1326 2504 s.
1352 2484 1379 2504 c.
1405 2472 1442 2512 9,
1466 2473 1502 2504 5:

831 2519 951 2551 nobile.
976 2538 1017 2542 ——
1043 2531 1171 2561 qnoque
1200 2520 1320 2558 gelniirt
1349 2529 1389 2549 zu
1419 2529 1503 2555 eam,

832 2565 896 2596 wic
915 2565 966 2596 dic
985 2565 1143 2603 Aebutia,
1170 2564 1199 2595 in
1219 2575 1268 2596 or.
1294 2569 1400 2596 recta:
1426 2566 1507 2595 suut

832 2621 917 2652 quae
934 2621 1007 2642 eam
1025 2621 1154 2653 quoque
1172 2615 1236 2642 etc.

1107 1127 1154 1165 ad
1188 1126 1297 1165 cuius
1324 1125 1504 1164 nuntium
1535 1136 1555 1168 2
