1638 2825
66 199 94 219 a.
115 191 170 218 ch.
193 191 256 218 187.
512 178 641 211 LIBER
665 177 832 212 XXXIX.
881 178 974 211 CAP.
1001 178 1033 211 5.
1450 180 1475 220 9

64 284 214 336 legibus
235 295 335 322 esse.
376 294 448 322 suo
471 293 664 334 quemque
679 281 820 321 iudicio
839 285 877 320 et
891 281 1072 320 homines
1090 281 1220 320 odisse
1236 286 1302 321 aut
1317 281 1476 333 diligere

66 346 104 381 et
129 352 192 389 res
222 338 391 391 probare
417 343 484 378 aut
509 338 720 390 inprobare
750 337 907 385 debere,
937 349 1019 377 non
1046 337 1215 389 pendere
1242 351 1287 377 ex
1317 338 1474 378 alterius

65 396 170 437 vultu
185 408 228 435 ac
242 400 340 435 nutu
356 407 430 435 nec
444 395 554 435 alieni
570 395 782 434 momentis
799 394 916 434 animi
934 393 1155 444 circumagi,
1174 395 1477 447 adstipularique

63 452 162 493 irato
200 451 349 492 consuli
381 452 584 491 tribunum
613 451 741 503 plebei
784 455 838 499 et,
877 451 968 502 quid
997 451 1175 502 privatim
1213 451 1261 489 M.
1289 451 1474 492 Aemilius
1502 461 1525 493 4
1552 446 1557 448 i

63 509 317 556 mandaverit,
337 509 575 563 meminisse,
595 508 835 547 tribunatum
857 507 930 546 sibi
952 520 972 547 a
992 507 1141 559 populo
1162 507 1341 546 Romano
1363 521 1477 548 man-

63 565 195 614 datum
218 565 402 610 oblivisci,
424 571 462 605 et
477 565 705 604 mandatum
722 576 795 617 pro
812 564 952 604 auxilio
971 577 1017 604 ac
1031 564 1208 603 libertate
1222 564 1476 615 privatorum,

62 634 146 662 non
171 634 244 674 pro
268 621 462 662 consulari
482 634 618 673 regno.
658 633 707 660 ne
728 622 805 661 hoc
825 621 980 673 quidem
1003 633 1162 660 cernere
1191 633 1280 660 eum
1301 620 1404 669 fore,
1433 626 1478 661 ut

62 679 273 718 memoriae
309 691 354 718 ac
383 678 602 730 posteritati
632 678 841 718 mandetur
870 678 1045 717 eiusdem
1077 677 1228 728 collegii
1259 678 1422 717 alterum
1454 691 1476 717 e

63 735 216 776 duobus
249 735 416 775 tribunis
449 735 572 787 plebis
607 747 698 774 suas
728 734 949 774 inimicitias
978 734 1180 774 remisisse
1207 734 1262 774 rei
1289 734 1475 786 publicae,

63 791 226 832 alterum
252 792 393 831 alienas
420 797 458 831 et
478 791 680 831 mandatas
700 791 934 831 exercuisse.
981 791 1042 830 his
1063 791 1187 830 victus
1211 791 1475 842 castigationi-

61 849 137 888 bus
169 848 352 888 tribunus
390 861 478 888 cum
512 848 659 900 templo
689 848 937 895 excessisset,
969 848 1159 887 referente
1187 848 1271 887 Ser.
1300 847 1473 899 Sulpicio

61 910 241 958 praetore
260 906 483 957 triumphus
500 905 549 944 M.
567 905 700 944 Fulvio
723 910 782 945 est
802 905 993 944 decretus.
1030 905 1063 944 is
1087 917 1174 944 cum
1193 905 1335 956 gratias
1351 904 1474 956 patri-

61 962 135 1002 bus
170 962 404 1014 conscriptis
441 962 605 1013 egisset,
644 962 782 1002 adiecit
806 962 921 1002 ludos
949 974 1113 1012 magnos
1141 974 1183 1000 se
1209 962 1293 1000 Iovi
1323 961 1473 1013 optimo

62 1018 232 1058 maximo
249 1031 294 1057 eo
314 1019 387 1067 die,
405 1031 481 1071 quo
500 1019 740 1059 Ambraciam
759 1019 939 1071 cepisset,
955 1018 1126 1065 vovisse3
1144 1019 1183 1057 in
1201 1031 1285 1057 eam
1302 1030 1385 1057 rem
1403 1017 1476 1057 sibi

63 1080 217 1115 centum
246 1077 381 1127 pondo
403 1076 486 1115 auri
507 1088 527 1114 a
549 1076 764 1115 civitatibus
787 1076 1002 1123 conlatum3
1030 1080 1181 1127 petere,
1209 1079 1253 1114 ut
1273 1088 1319 1114 ex
1341 1087 1383 1114 ea
1404 1087 1474 1126 pe-

65 1132 197 1179 cunia,
231 1144 346 1183 quam
375 1132 414 1170 in
441 1132 644 1182 triumpho
675 1132 791 1171 latam
818 1132 860 1171 in
889 1133 1036 1171 aerario
1066 1132 1270 1182 positurus
1292 1136 1413 1178 esset,
1437 1131 1476 1170 id

65 1199 202 1227 aurum
239 1188 387 1227 secerni
410 1187 596 1227 iuberent.
647 1193 803 1228 senatus
831 1188 1061 1240 pontificum
1092 1188 1295 1239 collegium
1323 1187 1472 1227 consuli

62 1243 189 1291 iussit,
211 1255 305 1283 num
328 1256 446 1283 omne
466 1244 503 1282 id
522 1256 657 1283 aurum
675 1245 714 1283 in
731 1245 844 1284 ludos
864 1245 1044 1284 consumi
1060 1256 1220 1284 necesse
1236 1250 1352 1284 esset.
1386 1256 1474 1284 cum

62 1299 267 1352 pontifices
296 1305 506 1352 negassent
526 1301 572 1339 ad
593 1301 823 1351 religionem
845 1302 1056 1353 pertinere,
1086 1306 1228 1352 quanta
1249 1301 1414 1352 inpensa
1435 1300 1476 1340 in

107 1477 196 1511 3-5.
224 1489 303 1520 non,
319 1479 417 1511 niiml.
431 1478 569 1518 debere3
584 1490 647 1511 von
663 1481 736 1512 die-

61 1533 131 1557 sem
144 1534 210 1557 non
223 1524 344 1557 debere
357 1525 612 1566 lniingtimFolg.
625 1525 735 1558 adsti-

59 1569 253 1614 pularique,
277 1571 490 1611 meminisse,
517 1570 666 1603 oblivisci
681 1571 734 1612 ab,

64 1625 102 1647 so
124 1615 201 1647 dass
226 1615 291 1647 alle
315 1615 416 1647 S'zitze
439 1616 490 1647 als
514 1626 576 1656 eug
601 1626 735 1648 zusam-

61 1661 321 1702 mengehssrend,
358 1661 411 1692 ein
442 1661 572 1693 Ganzes
602 1662 734 1693 bildend

64 1706 270 1746 erseheinen,
288 1716 315 1736 s.
330 1705 383 1746 37,
402 1705 455 1745 53,
473 1706 511 1745 83
530 1706 609 1737 Hor.
626 1706 685 1748 Ep.
703 1706 733 1747 1,

64 1749 94 1791 6,
113 1749 166 1781 21.
200 1749 323 1781 Lucan.
339 1750 369 1789 2,
390 1749 466 1791 234,
484 1751 632 1782 wesbalb
650 1752 733 1782 auch

63 1797 107 1835 et,
120 1795 209 1826 nicht
221 1805 281 1827 nec
296 1795 734 1835 oderautgebrauchtist,s.

62 1838 118 1880 22,
137 1839 168 1880 2,
187 1839 206 1870 6
224 1851 255 1873 u.
271 1850 312 1879 a„
331 1841 395 1871 wie
410 1851 446 1872 es
461 1841 591 1872 heissen
608 1841 735 1879 wiirde,

62 1894 157 1917 wenn
176 1895 243 1917 non
258 1884 406 1928 pendere
420 1896 460 1917 zu
475 1887 655 1918 verbinden
670 1887 735 1918 und

62 1939 126 1962 von
144 1930 263 1962 debere
279 1930 441 1971 abhiingig
459 1932 560 1963 w’zire.
577 1950 621 1954 —
638 1934 734 1974 nutu,

63 1974 117 2018 38,
131 1975 470 2018 51,4.——m0mentis,
480 1977 738 2018 Bestiinmungs-

63 2019 467 2062 Entscheidungsgriinde.
498 2040 542 2045 —
564 2022 736 2067 adstipul„

63 2065 169 2098 Prisc.
209 2066 246 2107 8,
285 2067 323 2098 21
361 2078 390 2109 p.
426 2067 508 2099 792:
546 2067 662 2100 Livius
703 2069 734 2099 in

63 2110 217 2143 XXXIX
234 2112 274 2143 ab
293 2112 373 2144 urbe
391 2113 540 2145 condita:
558 2124 618 2145 nec
635 2114 739 2146 alieni

63 2158 246 2189 momentis
263 2159 371 2189 animi
385 2160 575 2201 circumagi
589 2159 735 2202 stz'pula-

63 2203 159 2245 rique
175 2203 266 2235 irato
283 2203 413 2235 consuli
430 2206 602 2236 tribunum
617 2204 734 2248 plebei,

64 2256 117 2278 wo
149 2248 309 2291 stipulari
341 2249 413 2281 eine
446 2247 617 2281 fo‘rmliche
655 2260 733 2282 ver-

65 2292 261 2335 plliclitendc
286 2294 504 2335 Angelobung
533 2295 733 2327 bezeichnen

65 2337 206 2379 kiinnte,
247 2338 327 2370 aber
367 2340 424 2371 dns
465 2340 584 2381 Object
623 2340 733 2373 felllen

65 2383 191 2415 wiirde.
211 2401 255 2407 ——
274 2383 353 2426 quid
367 2386 466 2428 priv„
480 2385 556 2417 bei·
574 2391 658 2418 statt
675 2397 735 2418 un-

66 2429 297 2469 tergeordnet:
312 2430 468 2462 wiihren'd
483 2432 596 2463 ersicln
607 2442 637 2462 u.
649 2442 734 2470 S.w.,

67 2483 94 2506 s.
113 2484 141 2506 c.
161 2475 197 2513 4,
224 2475 274 2506 12.
293 2494 333 2498 —
353 2478 385 2507 et
402 2475 532 2516 mand.,
556 2487 581 2508 a.
603 2477 661 2517 35,
680 2477 736 2517 40,

68 2518 99 2551 6.
123 2537 165 2542 -
187 2530 251 2563 pro
269 2521 394 2563 auxil„
412 2520 465 2552 fiir
487 2522 657 2562 dnsselbe,
683 2533 735 2554 um

68 2574 104 2596 es
121 2575 161 2596 zu
180 2567 375 2607 gew'a'hren,
394 2567 523 2599 scheint
541 2578 602 2599 nur
620 2578 735 2605 wegen

67 2610 128 2642 der
151 2611 300 2651 gleiclien
318 2612 507 2645 construet.
531 2613 589 2645 mit
610 2624 674 2657 pro
698 2613 737 2645 11·-

801 1481 933 1513 bertate
965 1485 1047 1514 etc.:
1081 1491 1134 1513 um
1168 1481 1220 1513 die
1253 1480 1403 1513 Freiheit
1435 1491 1477 1512 zu

801 1527 979 1568 schiitzeu,
1001 1526 1195 1558 verbunden
1222 1537 1264 1558 zu
1288 1527 1378 1565 sein3
1403 1537 1478 1558 zum

800 1572 975 1603 Ausdruck
995 1572 1061 1613 vgl.
1080 1583 1107 1603 c.
1126 1571 1185 1612 32,
1208 1572 1267 1610 11,
1294 1582 1356 1603 zur
1373 1572 1477 1603 Sache

801 1616 833 1658 2,
852 1616 906 1658 33,
928 1617 963 1656 1,
984 1617 1112 1649 Becker
1130 1617 1160 1657 2,
1179 1617 1209 1659 2,
1228 1616 1304 1648 264.
1323 1635 1368 1640 -
1384 1627 1476 1649 cons.

800 1673 919 1704 regno,
939 1673 967 1694 s.
987 1662 1016 1704 3,
1035 1663 1065 1702 9,
1085 1662 1122 1701 33
1141 1662 1192 1703 38,
1212 1662 1266 1702 51,
1288 1662 1319 1694 3.
1337 1664 1478 1705 —sore

800 1711 840 1740 ut
862 1719 925 1739 nur
949 1707 1212 1748 Umschreibung
1241 1708 1300 1739 des
1328 1706 1386 1739 inf.
1416 1706 1477 1740 fut.

801 1763 907 1795 pass.‚
934 1752 994 1793 36,
1021 1754 1057 1793 7,
1083 1753 1100 1784 7
1120 1764 1152 1784 u.
1172 1763 1202 1785 o.
1217 1771 1261 1776 —
1276 1763 1418 1785 memor.
1437 1763 1477 1786 ac

799 1800 906 1841 pos-L,
932 1798 1174 1840 liendiadyoi113
1206 1808 1267 1828 zur
1290 1798 1396 1830 Sache
1423 1797 1477 1838 38,

803 1843 861 1881 52,
881 1843 918 1881 9,
938 1843 979 1874 ib.
998 1843 1056 1884 60,
1079 1843 1110 1874 4.
1130 1861 1174 1866 —
1192 1845 1383 1882 retnis-ime,
1408 1843 1476 1883 vgl.

803 1889 840 1927 9,
859 1887 918 1928 38,
943 1887 994 1919 12.
1013 1906 1057 1910 —
1074 1887 1274 1928 mandatas,
1299 1889 1357 1919 das
1377 1887 1478 1920 Wort

802 1943 876 1964 zum
905 1931 1122 1964 fiinftenuiale
1152 1933 1364 1975 wiederliolt,
1391 1943 1419 1965 s.
1444 1933 1477 1973 4,

803 1979 857 2019 55,
875 1978 913 2017 43
934 1979 976 2010 ib.
995 1978 1049 2019 61,
1069 1981 1087 2009 ὃ
1107 1989 1137 2010 u.
1157 1988 1187 2010 a.
1205 1997 1250 2003 —-

848 2022 904 2054 6-
920 2024 969 2056 10.
1026 2024 1166 2067 templo,
1203 2024 1236 2065 1,
1271 2023 1331 2063 30,
1365 2023 1397 2054 2.

803 2070 964 2112 triumph.
994 2087 1015 2091 —
1048 2069 1171 2101 decret.
1184 2094 1192 2109 ,
1227 2070 1328 2101 durch
1363 2069 1477 2100 diesen

801 2115 979 2146 Beschluss
998 2115 1061 2146 und
1080 2115 1131 2146 dic
1151 2114 1251 2146 Feier
1269 2115 1329 2146 der
1353 2114 1476 2155 gerade

801 2170 917 2200 wegen
960 2160 1020 2191 der
1060 2160 1240 2191 Einnahme
1282 2159 1476 2192 Ambracias

801 2206 955 2245 gelobtcn
987 2205 1098 2245 Spiele
1132 2205 1216 2236 wird
1250 2205 1310 2236 der
1341 2204 1476 2236 friillerc

802 2250 860 2291 38,
885 2251 944 2290 44,
969 2251 1008 2290 (5,
1033 2251 1110 2282 dass
1135 2250 1309 2282 Ambracia
1335 2251 1423 2282 nicht
1446 2251 1480 2281 vi

802 2299 902 2340 capta
925 2296 991 2337 sei,
1021 2296 1164 2335 indirert
1191 2295 1410 2336 aul‘gellobcn.
1434 2313 1476 2317 —

802 2341 869 2374 lud.
888 2352 1003 2382 mag‘n.
1023 2346 1098 2382 etc„
1118 2352 1143 2373 s.
1164 2353 1191 2373 ι’.
1210 2342 1263 2379 22,
1286 2341 1313 2372 1.
1333 2359 1376 2363 -
1393 2351 1413 2371 a
1430 2340 1478 2370 ci-

802 2389 914 2426 vitat„
933 2388 1042 2418 dieses
1060 2387 1329 2426 geschichtjotzt
1343 2384 1400 2423 ol't,
1419 2385 1477 2416 da—

803 2433 862 2464 mit
880 2433 951 2464 (lein
972 2432 1146 2463 Aerarium
1165 2433 1216 2463 dic
1236 2430 1361 2462 liostcn
1389 2430 1479 2461 nicht

805 2489 866 2510 zur
885 2477 965 2509 Lnst
983 2477 1100 2513 l'ullen,
1129 2488 1154 2508 s.
1179 2489 1205 2508 c.
1226 2477 1286 2516 22,
1305 2476 1342 2513 ὃ,
1364 2475 1476 2515 Lange

807 2524 834 2564 1,
852 2523 935 2562 (3233
957 2523 1060 2564 Marq.
1081 2523 1111 2561 -l,
1130 2523 1204 2552 47⁴.
1225 2539 1268 2544 —-
1286 2522 1429 2560 suenrus,
1448 2531 1477 2552 s.

805 2569 841 2599 31
858 2594 865 2608 ‚
884 2569 921 2607 0,
940 2568 970 2599 7.
991 2583 1032 2591 fi
1050 2578 1201 2607 necesso,
1225 2567 1277 2598 die
1297 2566 1394 2598 Fon-m
1418 2577 1477 2598 ne-

804 2625 938 2646 cessum
956 2614 999 2644 ist
1018 2614 1088 2644 hier
1107 2613 1188 2644 noch
1208 2613 1403 2644 uusiclicrer
1425 2611 1476 2643 als

1504 287 1523 320 3
