1712 2825
179 235 261 274 276
656 231 694 264 T.
712 231 800 264 LIVI
823 231 1102 264 FRAGMENTA

180 335 254 374 λας)
272 332 366 377 μετὰ
386 335 549 366 Κοίντου
568 335 805 387 Πομπηίου,
813 330 1040 374 πεντήκοντα
1059 331 1118 374 ἔτη
1135 329 1312 376 γεγονώς,
1335 334 1451 387 γαμεῖ
1466 330 1505 365 δὲ
1520 330 1586 375 γά-

179 390 255 432 μοι
282 376 528 419 ἐνδοξότατον
551 378 748 431 Καικιλίαν
770 376 836 419 τὴν
861 378 1053 410 Μετέλλου
1075 381 1139 420 3112
1142 378 1264 421 ατέρα
1288 388 1352 409 του
1376 379 1584 430 αρχιερέως.

180 421 242 467 ἐφ
269 420 296 465 ᾧ
314 422 434 455 πολλὰ
452 423 522 475 μὲν
539 423 591 458 εἰς
607 420 719 455 αὐτὸν
736 417 828 467 ἧδον
846 423 884 454 οἱ
901 421 1108 476 δημοτικοί,
1127 423 1261 454 πολλοὶ
1280 421 1320 455 δὲ
1336 422 1410 456 τῶν
1428 420 1586 465 πρώτων

180 467 218 500 ἐι
195 469 373 520 εμέσων,
389 466 454 500 οὐκ
467 464 568 506 ι’ἱξιοι
581 465 741 510 ἡγούμει
745 480 780 499 οι
794 468 857 508 τῆς
868 477 936 510 γυι
939 464 1052 507 αικός,
1066 463 1109 500 ὃν
1121 463 1253 504 ἄξιον
1238 470 1415 503 υπατείας
1427 466 1586 512 ἔκριναν,

183 509 230 549 ὥς
248 523 366 557 ᾳησιν
383 510 402 545 ὁ
425 515 541 548 Τιτος.
576 513 667 544 Plut.
685 511 779 544 Sulla
796 522 823 543 c.
842 512 871 544 6.

271 558 351 599 *16)
372 558 586 593 Μέλλοντος
602 556 642 590 ἐν
665 554 784 601 Ῥώιιῃ
802 556 866 587 τοῦ
882 555 1066 608 ἒαφυλίου
1084 555 1297 609 ἐγείρεσθαι
1311 557 1479 600 πολέμου
1496 552 1587 588 ἄλλα

180 613 224 635 τε
243 601 362 634 πολλὰ
384 604 521 644 Λιβιος
542 603 603 634 καὶ
605 589 820 654 Διόδωρος
844 599 1046 652 ἱστόρησαν
1067 602 1127 632 καὶ
1145 600 1181 639 ἐξ
1198 598 1378 653 ἀιεφέλου
1395 602 1462 633 τοῦ
1479 600 1588 653 ἀέρος

180 649 241 679 καὶ
265 649 418 698 αἰθρίας
442 647 578 688 πολλῆς
600 657 691 697 ηχον
715 643 948 686 ἀκουσθῆιαι
973 643 1182 698 σάλπιγγος
1205 643 1292 683 ὀξὺν
1315 643 1589 687 αποτεινούσης

180 693 240 724 καὶ
264 689 437 744 θρηνώδη
457 690 521 724 τὸν
539 689 732 735 ᾳθόγγον,
759 692 818 722 καὶ
836 689 921 727 τοὺς
936 690 1007 733 μὲν
1021 688 1186 723 azouo’ai
1190 702 1252 727 τιις
1268 687 1370 723 §naz
1374 701 1436 726 τας
1454 689 1590 743 ἔκφρο-

180 747 245 772 τας
269 735 344 769 ὑπὸ
370 748 434 769 του
460 735 566 772 δέους
590 736 785 789 γενέσθαι,
810 747 895 771 τους
919 735 958 768 δὲ
987 737 1187 781 Τιρρηνιῦν
1209 747 1362 788 μαντεις
1382 732 1589 793 μεταβολὴν

179 782 246 813 τοῦ
263 783 392 834 γένους
411 782 467 813 καὶ
487 779 766 835 uera736crw16m
784 778 1059 825 ἀποφήνασθαι
1081 783 1276 824 σηιιαίνειν
1294 779 1334 812 τὸ
1353 781 1474 833 τέρας·
1495 779 1589 813 εἶναι

178 826 248 869 μὲν
265 824 337 879 γὰρ
355 823 566 869 ἀνθρώπων
583 823 677 858 ὀκτώ
695 827 798 877 ῃέιη,
806 824 1045 878 διαφέροντα
1062 829 1140 862 τοῖς
1158 823 1291 878 ηθεσιν
1308 822 1486 866 ἀλλήλων,
1505 822 1589 858 ἑκά-

181 880 255 913 στῳ
279 869 316 902 ‹5'
341 860 560 923 ἀφωρισθαι
580 882 676 916 χοοι
681 883 722 903 ον
746 868 818 902 ὑπὸ
843 871 909 902 τοῦ
931 871 1025 902 θεοῦ
1051 867 1357 922 συμπεραινόαεν
1361 882 1403 902 οι
1420 869 1589 903 ἐνιαυτοῦ

179 903 348 960 μεγάλου
371 913 553 959 πεοιόδω·
581 919 642 956 τῆς
659 914 693 946 ‹5‘
717 911 784 948 οὖν
802 917 985 959 προτέρας
1003 913 1186 968 περιόδου
1203 913 1423 956 τελευτώσης
1440 916 1500 947 καὶ
1517 915 1589 948 ἑτέ-

182 972 247 1011 ρας
269 946 509 1014 ἐνισταμένης
533 962 725 992 κιιεῖσθαί
745 971 781 990 τι
805 962 962 1003 σημεῖον
984 959 1022 992 ἐκ
1044 960 1111 1013 γῆς
1132 957 1153 1001 ἢ
1183 972 1224 992 οι
1228 970 1341 1012 ρανου
1358 958 1588 1012 θαυμάσιον,

183 1001 207 1050 ᾗ
225 1004 339 1046 δῆλον
357 1003 466 1041 εὐθὺς
482 1006 560 1040 τοῖς
575 1005 689 1036 ταῦτα
709 1006 845 1057 σοᾳοῖς
861 1007 1046 1047 Jc'vso'ssai,
1064 1002 1118 1036 ὅτι
1139 1005 1199 1037 καὶ
1216 1002 1372 1056 τρόποις
1389 1002 1513 1041 ἄλλοις
1529 1004 1590 1037 καὶ

180 1052 276 1091 βίοις
293 1047 340 1082 ἅτ
344 1053 495 1092 θρωποι
512 1047 622 1093 γἐγότ
626 1058 689 1081 ασι
702 1048 855 1092 χριόμεν
859 1061 894 1081 οι
912 1050 972 1081 καὶ
990 1052 1094 1085 θεοῖς
1114 1045 1221 1091 ἧττον
1235 1049 1306 1081 τῶν
1320 1051 1513 1094 προτέρων
1524 1049 1590 1093 μέ-

182 1096 316 1131 λοντες.
356 1095 453 1127 Βιᾞοη
473 1094 567 1126 Cass.
590 1105 664 1126 οπο.
682 1095 769 1126 Mazi
781 1095 899 1137 script.
919 1097 997 1126 zett.
1014 1105 1085 1126 nov.
1103 1094 1174 1126 coll
1189 1095 1238 1136 f'r.
1254 1094 1306 1135 67,
1320 1093 1356 1134 II,
1372 1093 1447 1135 548,
1459 1094 1510 1136 fr.
1528 1094 1591 1126 102

179 1151 214 1183 p⁷
233 1141 271 1172 91
288 1140 349 1172 Bk.
352 1140 439 1183 ,.1p
460 1139 523 1172 142
542 1151 590 1182 sq.
608 1139 741 1181 Dindf.,
760 1138 855 1171 Smmd
873 1151 900 1171 3.
915 1150 942 1170 v.
961 1137 1116 1175 Σύλλας.

273 1185 352 1225 *17)
393 1185 486 1216 Sulla
517 1196 588 1216 cum
612 1185 752 1227 primum
776 1184 816 1216 ad
840 1185 954 1216 urbem
979 1189 1097 1216 eontra
1115 1183 1258 1216 Marium
1283 1188 1394 1215 eastra
1418 1184 1612 1222 movisset‚‘

181 1230 263 1262 daeo
289 1230 378 1262 laeta
402 1235 478 1262 exta
498 1229 681 1261 immolanti
699 1229 802 1261 fuisse
821 1229 940 1260 scribit
957 1228 1094 1268 Livius,
1118 1235 1154 1261 ut
1171 1229 1336 1261 custodiri
1353 1238 1389 1260 se
1402 1227 1592 1260 Postumius

180 1274 350 1317 haruspex
379 1275 542 1315 voluerit,
573 1275 692 1317 capitis
721 1274 921 1316 supplicium
944 1274 1133 1313 subiturus,
1157 1273 1221 1306 nisi
1240 1284 1294 1315 ea,
1317 1283 1400 1316 quae
1426 1274 1458 1304 in
1481 1274 1590 1305 animo

181 1319 276 1351 Sulla
291 1320 441 1359 haberet,
459 1320 523 1351 diis
543 1319 734 1352 iuvantibus
755 1319 976 1362 implevisset.
1010 1320 1198 1361 ,Augustum
1217 1318 1256 1350 de
1275 1321 1335 1351 ez‘v.
1355 1318 1412 1350 dei
1424 1317 1460 1359 ΙΙ,
1479 1319 1532 1351 24.

711 1399 737 1430 Ε
746 1410 766 1430 x
786 1400 851 1430 lib.
872 1398 1059 1431 LXXXIII.

272 1453 286 1467 *
301 1452 350 1493 18)
385 1453 524 1484 Eversis
542 1453 658 1495 quippe
677 1458 709 1484 et
726 1452 869 1484 incensis
889 1452 1039 1483 omnibus
1059 1462 1131 1483 eum
1146 1452 1264 1494 oppido
1279 1451 1468 1483 simulacris
1483 1452 1590 1484 solum

180 1496 354 1529 Minervae
378 1498 593 1529 simulacrum
609 1498 670 1529 sub
687 1502 780 1529 tanta
798 1497 894 1528 ruina
912 1497 1026 1539 templi
1045 1497 1146 1533 illius,
1165 1501 1199 1528 ut
1217 1496 1338 1528 scribit
1356 1496 1485 1536 Livius,
1504 1497 1591 1529 inte—

181 1552 276 1583 grum
294 1542 432 1574 stetisse
451 1543 658 1585 perhibetur.
692 1545 882 1585 Aug-nstin.
901 1542 941 1574 de
960 1544 1020 1573 civ.
1040 1542 1104 1574 dei.
1123 1541 1173 1581 ΙΙΙ,
1194 1543 1222 1573 7.

699 1623 755 1654 Ex
776 1622 843 1653 lib.
864 1620 1059 1653 Lxxxxl.

271 1676 350 1714 *19)
370 1676 438 1707 Hoc
454 1677 506 1717 (ad
516 1676 713 1715 Lauronem)
729 1676 867 1719 primum
881 1675 1044 1718 proelium
1058 1675 1147 1706 inter
1161 1675 1346 1707 Sertorium
1360 1674 1589 1717 etPompeium

181 1720 255 1752 suit.
288 1721 400 1752 decem
425 1721 514 1753 milia
539 1722 704 1753 hominum
723 1722 762 1753 de
780 1720 925 1763 Pompeii
950 1720 1102 1752 exercitu
1127 1721 1248 1752 amissa
1272 1725 1306 1752 et
1324 1720 1432 1752 omnia
1455 1720 1590 1762 impedi—

181 1771 301 1805 menta,
320 1765 435 1798 Livius
454 1771 572 1798 auctor
591 1772 652 1798 est.
687 1767 842 1799 Frontin.
862 1765 1016 1808 Strateg.
1033 1764 1071 1805 II,
1090 1767 1119 1806 5,
1138 1765 1190 1796 31.

275 1822 344 1871 20)
384 1822 500 1862 Nocte
536 1830 667 1862 tamen
708 1823 927 1874 insequenti
966 1823 1047 1874 ipso
1091 1822 1338 1874 pervigilante
1377 1823 1416 1861 in
1450 1821 1589 1861 eodem

181 1878 268 1917 loeo
289 1878 360 1916 alia
382 1880 545 1918 excitata
567 1880 683 1919 turris
706 1881 827 1931 prima
852 1880 935 1918 luce
953 1880 1139 1918 miraculo
1156 1879 1334 1918 hostibus
1351 1878 1436 1917 suit.
1473 1878 1591 1917 simul

181 1939 221 1972 et
243 1934 371 1985 oppidi
393 1936 522 1981 turris,
547 1949 643 1987 quae
667 1937 880 1975 maximum
903 1936 1237 1987 propugnaculum
1254 1936 1392 1980 suerat,
1416 1934 1590 1974 subrutis

182 1989 447 2028 fundamentis
476 1992 673 2030 dehiscere
704 1992 921 2043 ingentibus
943 1993 1052 2030 rimis
1074 1998 1112 2030 et
1132 1997 1174 2030 tu
1198 2011 1215 2030 ιι
1235 2011 1251 2029 ι
1270 2004 1292 2030 ο
1311 2010 1328 2029 ,κ
1352 1990 1427 2041 igni
1449 1989 1587 2040 coepit,

183 2045 427 2096 incendiique
449 2047 562 2085 simul
587 2054 623 2086 et
646 2049 778 2087 ruinae,
802 2054 909 2087 metu
937 2049 1059 2086 territi
1083 2047 1378 2086 Contrebienses
1401 2046 1447 2084 de
1476 2057 1589 2084 muro

182 2101 321 2152 trepidi
343 2102 580 2152 refugerunt,
605 2110 655 2148 et,
678 2110 720 2142 ut
741 2105 850 2154 legati
869 2104 1120 2141 mitterentur
1141 2103 1187 2140 ad
1204 2102 1419 2141 dedendam
1437 2101 1587 2148 urbem,

184 2157 231 2195 ab
254 2157 428 2196 universa
453 2158 699 2196 multitudine
723 2160 1007 2197 conclamatum
1030 2165 1101 2197 est.
1143 2159 1278 2197 eadem
1303 2158 1442 2204 virtus,
1472 2170 1588 2210 quam

184 2213 407 2252 inritantem
427 2220 725 2264 oppugnaverat,
751 2216 934 2253 victorem
959 2215 1243 2266 placabiliorem
1261 2215 1364 2253 fecit.
1389 2214 1588 2253 obsidibus

183 2270 349 2321 acceptis
366 2270 548 2321 pecuniae
568 2271 759 2308 modicam
778 2272 900 2321 exegit
917 2284 1126 2317 summam,
1150 2283 1333 2322 armaque
1351 2271 1480 2309 omnia
1497 2270 1588 2309 ade—

185 2326 277 2373 mit3
301 2328 522 2377 transfugas
545 2326 683 2364 liberos
705 2327 809 2364 vivos
832 2327 876 2365 ad
897 2341 937 2366 se
959 2328 1095 2367 adduci
1118 2328 1248 2374 iussit3
1271 2327 1463 2378 fugitivos,
1487 2339 1588 2378 quo-

185 2394 273 2420 rum
298 2382 420 2420 maior
442 2382 649 2421 multitudo
671 2389 771 2426 erat,
797 2383 887 2434 ipsis
910 2384 1123 2435 imperavit.
1148 2391 1191 2423 ut
1211 2385 1484 2422 Interlicerent.
1527 2383 1587 2422 iu-

185 2438 336 2487 gulatos
359 2439 405 2477 (le
429 2452 541 2477 muro
563 2439 797 2477 deiecerunt.

299 2507 394 2543 (lum
420 2519 555 2555 magna
578 2506 720 2545 iactura
741 2506 905 2545 militum
928 2513 1113 2557 qimttuor
1134 2513 1172 2546 et
1189 2506 1438 2558 quadraginta
1455 2504 1588 2544 diebus

184 2560 390 2599 Contrebia
413 2568 625 2612 expugnata
649 2562 861 2613 relictoque
886 2563 935 2600 ibi
958 2563 997 2600 L.
1018 2563 1160 2602 Insteio
1184 2575 1269 2601 cnm
1289 2561 1419 2600 valido
1435 2562 1589 2613 praesi-

184 2615 245 2654 dio
279 2617 360 2667 ipse
397 2618 442 2655 ad
475 2618 660 2657 lliberum
691 2619 834 2657 flumen
864 2619 993 2669 copias
1021 2619 1192 2658 adduxit.
1242 2618 1292 2657 ibi
1328 2616 1586 2657 hibernaculis
