1712 2825
78 267 133 307 56

169 166 249 205 110

590 163 719 197 LIBER
741 163 909 197 XXXIX.
956 163 1052 197 CAP.
1078 164 1132 197 56.

1406 180 1433 198 a.
1453 181 1482 200 u.
1503 174 1566 200 571.

272 266 422 306 Eodem
450 278 551 306 anno
578 267 624 306 A.
653 266 854 306 Terentius
880 266 1096 318 proconsul
1122 265 1223 306 haud
1251 266 1390 318 procul
1414 266 1576 307 flumine

162 323 303 362 Hibero
326 323 367 362 in
396 336 488 375 agro
508 327 705 363 Ausetano
733 328 770 362 et
796 323 940 375 proelia
961 323 1133 367 secunda
1156 336 1244 362 cum
1267 323 1464 362 Celtiberis
1484 323 1575 363 fecit

112 384 133 417 2
163 385 200 419 et
230 380 374 432 oppida
401 392 497 432 quae
524 380 577 419 ibi
606 380 917 419 communierant
947 380 1093 431 aliquot
1122 381 1365 431 expugnavit.
1414 379 1574 419 ulterior

159 436 346 488 Hispania
366 449 411 475 eo
433 449 536 476 anno
557 437 598 476 in
618 449 712 488 pace
730 436 821 484 fuit,
850 436 939 487 quia
960 441 997 476 et
1016 436 1058 475 P.
1081 437 1338 488 Sempronius
1360 436 1574 488 proconsul

159 493 308 533 diutino
325 493 464 532 morbo
481 498 540 533 est
550 493 748 545 inplicitus
761 498 799 532 et
812 493 916 532 nullo
929 493 1142 532 lacessente
1154 499 1448 545 peropportune
1463 493 1572 544 quie-

109 554 129 586 3
159 555 295 590 verunt
309 550 494 590 Lusitani.
531 550 659 589 necin
676 549 881 601 Liguribus
903 549 1155 589 memorabile
1172 549 1380 601 quicquam
1396 562 1416 589 a
1434 550 1479 597 Q.
1497 549 1572 589 Fa-

158 606 224 646 bio
247 606 407 646 consule
427 612 593 658 gestum.

270 663 327 702 Ex
347 663 491 703 Histria
516 667 719 703 revocatus
740 662 788 702 M.
810 662 1010 702 Marcellus
1031 662 1199 701 exercitu
1221 662 1384 702 dimisso
1406 662 1572 702 Romam

108 726 130 757 4
157 720 404 760 comitiorum
427 732 540 760 causa
561 719 687 759 rediit.
727 719 866 759 creavit
887 718 1066 758 consules
1089 719 1156 758 Cn.
1178 719 1362 758 Baequm
1382 719 1572 770 Tamphi-

155 776 237 815 lum
259 781 296 816 et
316 776 357 815 L.
379 776 584 816 Aemilium
606 776 781 815 Paulum.
824 788 912 815 cum
933 776 980 815 M.
1002 776 1165 815 Aemilio
1188 776 1336 827 Lepido
1357 776 1420 815 hic
1440 777 1572 816 aedilis

156 833 299 873 curulis
320 833 460 881 fuerat3
482 846 502 872 a
524 846 600 885 quo
624 833 784 872 consule
805 833 961 884 quintus
984 845 1109 872 annus
1131 837 1224 879 erat,
1243 845 1330 872 cum
1348 832 1381 872 is
1398 833 1481 885 ipse
1496 834 1572 872 Le—

107 899 126 931 5
155 890 273 942 pidus
293 894 386 941 post
402 890 498 929 duas
515 889 691 941 repulsas
709 889 846 928 consul
861 890 988 929 factus
1006 894 1118 928 esset.
1160 895 1360 941 praetores
1377 889 1467 929 inde
1481 889 1572 929 facti

155 947 201 994 Q.
228 947 384 986 Fulvius
414 946 574 986 Flaccus
602 946 651 985 M.
678 946 849 985 Valerius
877 946 1068 985 Laevinus
1100 946 1143 985 P.
1166 946 1327 986 Manlius
1354 947 1494 986 iterum
1522 947 1570 986 M.

155 1003 345 1055 Ogulnius
368 1003 496 1042 Gallus
518 1003 559 1042 L.
583 1003 766 1042 Caecilius
788 1003 930 1042 Denter
950 1003 990 1042 C.
1014 1003 1217 1042 Terentius
1240 1003 1349 1042 Istra.

269 1059 512 1111 Supplicatio
530 1065 702 1099 extremo
720 1071 822 1098 anno
838 1059 912 1098 fuit
925 1059 1196 1110 prodigiorum
1214 1072 1341 1106 causa,
1360 1059 1464 1110 quod
1478 1071 1571 1098 san—

156 1116 269 1166 guine
297 1129 369 1167 per
396 1116 556 1155 biduum
586 1116 757 1167 pluvisse
783 1115 822 1154 in
849 1128 933 1155 area
963 1116 1202 1154 Concordiae
1231 1116 1324 1155 satis
1353 1115 1571 1163 credebant,

153 1172 454 1224 nuntiatumque
474 1178 554 1211 erat
574 1172 676 1211 haud
698 1172 834 1223 procul
851 1172 975 1211 Sicilia
995 1172 1174 1220 insulam,
1195 1184 1291 1223 quae
1307 1184 1388 1211 non
1404 1177 1492 1211 ante
1506 1172 1571 1211 fu-

106 1239 123 1270 7
153 1234 253 1276 erat,
279 1241 420 1269 novam
449 1229 591 1268 editam
621 1241 642 1267 e
669 1229 765 1268 mari
792 1241 891 1268 esse.
932 1228 1182 1268 Hannibalem
1210 1229 1287 1268 hoc
1312 1241 1415 1268 anno
1436 1229 1569 1268 Antias

153 1341 181 1363 c.
213 1331 244 1362 5.
272 1348 318 1352 —
345 1329 460 1362 decem
488 1330 546 1361 hat
575 1339 638 1361 nur
668 1329 720 1360 die
756 1328 822 1360 Mz.

152 1375 210 1407 Hs.
248 1375 307 1407 Die
326 1375 398 1406 drei
422 1375 496 1406 hier
518 1379 706 1415 genannten
725 1373 823 1406 Colo—

152 1421 227 1452 nien
260 1421 395 1451 werden
427 1420 637 1451 abweichend
670 1430 734 1451 von
765 1420 826 1451 der

151 1465 267 1506 Regel,
291 1465 573 1506 Biirgercolonien
592 1466 623 1496 in
643 1465 821 1496 Seest‘zidte

151 1522 193 1543 zu
210 1509 341 1551 fiihren,
356 1511 396 1542 im
415 1511 640 1542 Binnenlande
657 1511 823 1551 angelegt.

199 1552 268 1589 56.
287 1556 479 1597 Ereignisse
494 1556 525 1587 in
542 1556 702 1598 Spanien3
721 1556 824 1587 Wan-

153 1603 219 1643 len,
238 1602 429 1642 Prodigien.
463 1601 550 1633 Plut.
569 1601 689 1632 Acmil.
709 1602 741 1632 6.

201 1647 288 1680 1-2.
318 1646 465 1688 Terent,
488 1657 516 1678 c.
540 1645 592 1688 38,
616 1645 647 1678 3.
670 1664 714 1669 —
736 1656 824 1688 agro

152 1693 280 1734 Auset„
313 1693 374 1724 den
404 1692 441 1724 L.
470 1692 553 1723 auch
582 1695 678 1724 sonst
705 1692 736 1723 in
765 1692 825 1723 der

152 1739 245 1772 Nahe
268 1739 326 1770 des
345 1737 487 1769 Hiberus
511 1736 624 1778 kennt,
649 1748 676 1768 s.
700 1735 753 1776 26,
775 1736 826 1779 17,

153 1784 184 1816 4.
203 1803 247 1807 —
263 1781 408 1827 Sempr.‚
427 1793 454 1814 c.
474 1781 528 1822 38,
554 1781 585 1813 3.
603 1800 648 1805 —
663 1791 822 1825 procons.

150 1830 212 1861 wie
230 1828 251 1872 ξ
272 1829 306 1868 1;
325 1830 472 1869 dagegen
488 1827 542 1865 40,
565 1827 593 1867 1,
610 1828 646 1859 4:
662 1830 822 1871 praetem

151 1875 192 1906 ib.
212 1874 243 1913 2,
263 1875 300 1906 5:
316 1876 543 1918 propraetor-3
569 1873 611 1904 ib.
632 1873 684 1910 16,
703 1873 721 1904 7
741 1873 823 1904 wie-

150 1920 211 1951 der
237 1918 428 1963 proconsul,
457 1918 525 1956 vgl.
555 1917 609 1959 33,
638 1918 692 1957 25,
723 1917 754 1948 9.
778 1934 823 1940 -

148 1975 277 2042 ςενορὶ,
307 1975 351 2040 ‹is3
367 1973 438 2039 §gar
461 1964 511 1994 ein
537 1973 675 2003 grosses
701 1961 821 2004 Gliiek,

173 2020 240 2048 uss,
282 2034 290 2050 ,
355 2033 362 2048 ‚
405 2033 412 2039 .

196 2054 285 2086 3—5.
318 2064 363 2086 ex
389 2053 509 2092 Histr„
538 2062 565 2083 s.
591 2062 619 2083 c.
644 2052 697 2094 55,
722 2052 752 2083 5.
777 2069 822 2075 -—

149 2100 311 2141 dimisso,
337 2098 403 2138 vgl.
427 2098 482 2138 40,
510 2096 538 2137 1,
563 2096 600 2135 63
628 2096 679 2136 18,
703 2096 741 2135 43
768 2096 822 2138 25,

150 2145 181 2178 9.
210 2145 324 2184 Baeb.‚
343 2154 370 2175 c.
386 2142 476 2184 32,8.
491 2160 531 2164 —
545 2141 674 2183 Aemil.,
690 2140 744 2182 35,
759 2141 819 2181 24;

151 2190 204 2232 36,
224 2189 261 2229 2;
287 2189 341 2230 37,
359 2187 420 2226 56;
445 2188 497 2219 die
515 2187 594 2227 l'olg.
613 2187 821 2227 Bemerkung

150 2236 214 2268 soll
231 2235 358 2276 wigen,
375 2234 452 2265 dass
471 2233 571 2264 sehon
587 2232 677 2273 jetzt
691 2257 699 2273 ‚
718 2242 745 2263 s.
764 2232 818 2273 39,

150 2281 210 2322 32,
239 2281 342 2312 durch
366 2279 424 2310 dus
446 2277 664 2317 Vordriingcn
689 2278 819 2308 minder-

149 2326 333 2367 Tiichtiger
367 2322 644 2363 ausgezeiclinete
680 2322 819 2354 Miinner

151 2372 215 2413 (bei
247 2370 409 2403 Aemilius
436 2369 480 2400 ist
507 2379 547 2399 an
577 2369 646 2399 sein
679 2368 817 2399 zwcitcs

150 2417 309 2449 Consului.
323 2415 377 2454 44,
400 2414 436 2446 17
456 2414 607 2454 geduclit)
633 2413 818 2452 zuriickge-

149 2467 238 2494 setzt
255 2462 407 2498 werdcn;
426 2459 582 2499 iibrigens
597 2458 721 2489 meldet
735 2457 819 2489 l’lut.

151 2507 171 2539 1.
199 2508 219 2538 l.
245 2508 348 2547 nicht,
378 2506 455 2537 dass
479 2504 547 2536 sich
574 2503 692 2535 Aemil.
717 2504 817 2534 sehon

150 2553 272 2584 vorlici·
300 2550 477 2583 bcworben
511 2549 603 2581 linbe.
628 2566 673 2571 -—
705 2559 726 2579 a
754 2559 818 2589 quo

151 2609 255 2638 coma,
277 2597 326 2637 10,
345 2596 396 2638 31,
420 2595 469 2627 10.
488 2613 532 2619 -
550 2596 695 2637 quintus,
720 2603 746 2624 s.
765 2594 818 2632 38,

897 1329 958 1369 423
978 1329 1105 1361 Becker
1121 1329 1152 1369 2,
1179 1328 1211 1369 2,
1239 1329 1290 1361 18.
1309 1347 1354 1352 -
1372 1328 1489 1369 Manl.‚
1514 1329 1569 1371 33,

897 1375 952 1406 44.
969 1393 1012 1397 —-
1030 1376 1171 1416 iterum,
1196 1384 1232 1406 es
1255 1374 1380 1406 kommt
1401 1375 1434 1406 in
1459 1375 1571 1406 dieser
1637 1395 1640 1397 >

898 1417 975 1452 Zei't
998 1419 1164 1451 mehrfach
1188 1430 1266 1460 vor,
1291 1420 1367 1451 dass
1391 1419 1494 1452 Einei·
1516 1421 1568 1451 die

895 1464 1022 1496 Priitur
1039 1465 1191 1496 zweimal
1209 1465 1393 1507 bekleidet,
1417 1475 1444 1497 S.
1461 1465 1516 1506 41,
1535 1464 1566 1505 8,

899 1511 936 1549 1,;
956 1510 998 1542 ib.
1018 1510 1071 1550 23,
1091 1511 1127 1550 53
1147 1509 1201 1549 42,
1219 1510 1250 1550 9,
1275 1510 1304 1542 8.
1322 1529 1367 1534 —
1386 1510 1517 1552 0guln.,
1539 1521 1568 1542 s.

899 1555 956 1595 10,
976 1555 1006 1596 6,
1026 1555 1057 1587 3.
1075 1574 1116 1578 —
1134 1555 1262 1588 Denter
1283 1556 1334 1587 ein
1359 1560 1454 1587 sonst
1475 1556 1567 1587 mehr

896 1601 928 1632 in
961 1602 1021 1632 der
1053 1611 1134 1641 gens
1166 1600 1261 1632 Livia
1294 1601 1362 1632 sich
1396 1600 1570 1632 findender

897 1645 1061 1686 Znname,
1085 1646 1147 1677 den
1167 1646 1287 1687 jedocb
1305 1646 1387 1678 auch
1406 1646 1466 1678 der
1483 1645 1569 1677 Con-

897 1692 950 1723 sul
966 1692 1003 1723 L.
1018 1691 1182 1723 Caecilius
1197 1691 1263 1723 284
1279 1701 1309 1723 a.
1323 1691 1380 1723 Ch.
1394 1691 1427 1723 in
1440 1690 1567 1723 Fasten

897 1738 963 1769 hat.

943 1782 1033 1814 6-7.
1065 1792 1146 1814 area
1170 1781 1281 1823 Conc.‚
1311 1781 1364 1824 40,
1391 1781 1442 1821 19,
1467 1780 1486 1812 2
1507 1781 1566 1814 mit

896 1828 955 1860 der
967 1838 1045 1859 area
1056 1827 1206 1867 Vulcani,
1215 1837 1242 1859 s.
1254 1837 1281 1858 c.
1291 1826 1344 1867 46,
1359 1827 1387 1867 5,
1401 1831 1564 1867 genannt3

896 1872 955 1904 auf
969 1874 1040 1904 dein
1059 1872 1230 1912 Vulcanal,
1249 1882 1275 1903 s.
1295 1871 1325 1911 9,
1343 1870 1398 1910 46,
1416 1871 1452 1902 6:
1478 1870 1566 1902 Con-

896 1918 1034 1950 cordiae
1063 1917 1180 1949 aedem
1203 1919 1236 1948 in
1265 1926 1348 1948 area
1371 1915 1523 1948 Vulcani
1542 1934 1566 1939 —

895 1962 1078 2001 dedicat-133
1099 1962 1151 1993 bei
1169 1961 1227 1993 lul.
1244 1961 1323 1993 obs.
1337 1961 1357 1992 4
1375 1961 1460 2001 (59)
1479 1961 1563 1993 wird

891 2008 980 2048 jetzt
997 2017 1060 2039 ara
1078 2006 1284 2039 Concordiae
1302 2006 1449 2047 genesen,
1466 2006 1507 2038 da
1525 2016 1562 2038 es

894 2053 1050 2084 iiberdies
1075 2053 1151 2084 dort
1173 2053 1294 2084 heisst:
1317 2053 1353 2083 in
1376 2062 1459 2084 area
1476 2051 1564 2085 Vul-

894 2100 970 2130 cani
983 2108 1045 2141 per
1063 2097 1211 2139 biduum,
1229 2099 1263 2129 in
1280 2107 1344 2129 ara
1357 2096 1563 2130 Concordiae

895 2143 1032 2175 totidem
1049 2143 1166 2175 diebus
1183 2144 1388 2185 sanguinem
1403 2142 1504 2187 plait,
1523 2152 1561 2174 so

894 2189 937 2220 ist
960 2189 1050 2220 viell.
1075 2189 1126 2220 bei
1150 2188 1187 2220 L.
1218 2189 1290 2219 eine
1314 2187 1426 2219 Liicke
1455 2197 1563 2219 nuzu-

893 2234 1041 2266 nehmen.
1059 2252 1101 2257 —
1119 2244 1186 2265 non
1209 2236 1288 2265 ante
1309 2232 1562 2273 ungewiihnlich

892 2280 1040 2320 gestent,
1059 2279 1125 2320 vgl.
1144 2279 1197 2319 22,
1217 2278 1270 2317 35,
1291 2279 1328 2317 7;
1357 2277 1429 2310 an.
1447 2277 1558 2310 Flacc.

893 2325 923 2365 7,
946 2325 1002 2356 1οε
1025 2336 1090 2356 non
1114 2325 1196 2356 llaec
1211 2343 1234 2346 —
1252 2335 1325 2356 noco
1341 2326 1422 2355 ante
1444 2326 1520 2355 tuos
1537 2340 1559 2346 -

873 2369 1022 2408 waltun
1056 2370 1153 2401 Oros.
1177 2369 1209 2408 4,
1232 2369 1292 2400 2οε
1320 2367 1447 2407 insula,
1474 2378 1558 2410 quae

891 2418 970 2447 ante
991 2426 1055 2447 non
1069 2416 1206 2456 ,[υεναί,
1227 2415 1289 2445 wie
1312 2413 1403 2445 viell.
1422 2413 1503 2444 auch
1523 2412 1558 2444 l..

891 2461 1106 2499 geschriebvn
1129 2461 1194 2491 hat.
1211 2477 1255 2482 ——
1278 2468 1397 2490 noram
1415 2458 1561 2489 wieder-

892 2505 961 2536 liolt
992 2506 1052 2536 don
1081 2505 1206 2544 Περι-111
1226 2505 1256 2535 in
1281 2508 1387 2535 etwas
1416 2503 1560 2535 andei-er

893 2550 1009 2581 Weiso
1038 2551 1095 2581 des
1127 2548 1338 2581 Nnchdrucks
1369 2558 1501 2589 wegen,
1531 2557 1559 2579 s·

891 2595 946 2633 41,
966 2596 1020 2634 23,
1043 2595 1098 2633 133
1126 2595 1246 2635 Obseq.
1265 2598 1340 2633 sagr,
1365 2604 1438 2624 nur:
1462 2595 1559 2625 insn-
