1712 2825
173 159 256 199 292
554 154 798 188 PERIOCHAE
823 154 1045 188 LIBRORUM
1069 152 1210 186 L—LII.

173 264 280 300 erant,
296 258 341 291 M.
361 258 517 290 Claudius
535 256 718 289 Marcellus
736 262 853 289 coorta
868 261 1067 299 tempestate
1085 256 1238 288 fluctibus
1257 255 1396 288 obrutus
1415 261 1478 288 est.
1509 254 1594 288 Car-

171 305 398 347 thaginienses
416 303 667 343 Hasdrubalem,
685 302 883 335 Masinissae
901 307 1069 344 nepotem,
1095 311 1188 344 quem
1210 306 1399 344 praetorem
1416 301 1593 341 habebant,

173 351 337 383 hominem
353 348 552 391 proditionis
570 353 775 390 suspectum,
800 348 831 379 in
851 348 943 379 curia
966 348 1224 382 interemerunt:
1255 356 1337 388 quae
1354 347 1500 389 suspicio
1518 347 1594 378 inde

176 395 358 434 emanavit,
377 394 462 436 quod
479 394 654 436 propincus
673 398 763 425 esset
781 391 965 433 Gulussae,
984 391 1206 424 Romanorum
1223 392 1349 423 auxilia
1366 392 1523 423 iuvantis.
1556 390 1592 423 P.

176 440 286 483 Scipio
301 439 506 471 Aemilianus
526 449 597 470 cum
614 439 818 470 aedilitatem
837 442 975 480 peteret,
991 437 1108 469 consul
1121 447 1139 468 a
1153 437 1274 479 populo
1289 437 1410 468 dictus.
1441 436 1594 479 quoniam

175 496 235 529 per
259 495 362 517 annos
386 484 515 516 consuli
537 483 609 516 fieri
634 495 697 516 non
722 484 860 523 licebat,
892 493 964 514 cum
986 493 1102 524 magno
1127 482 1308 514 certamine
1334 481 1595 523 suffragantibus

176 531 303 574 plebeis
328 535 361 562 et
386 530 647 572 repugnantibus
668 529 696 561 ei
714 528 902 570 aliquandiu
920 528 1088 570 patribus,
1112 527 1241 569 legibus
1265 528 1395 559 solutus
1421 532 1454 559 et
1479 527 1595 559 consul

177 581 312 608 creatus
328 580 388 607 est.
410 573 465 606 Μ’.
476 574 632 607 Manilius
647 574 773 616 aliquot
788 574 888 605 urbes
902 573 1156 615 circumpositas
1173 573 1364 614 Carthagini
1377 573 1593 614 expugnavit.

177 620 474 663 Pseudophilippus
492 620 525 651 iu
542 619 747 659 Macedonia,
766 629 864 650 caeso
884 630 957 650 cum
975 619 1128 650 exercitu
1146 618 1179 649 P.
1199 617 1348 650 Iuventio
1367 622 1537 660 praetore,
1554 617 1595 650 ab

179 666 216 708 Q.
236 666 383 698 Caecilio
402 665 510 697 victus
529 670 708 707 captusque
727 669 778 695 est
795 669 827 695 et
844 669 978 706 recepta
995 663 1201 695 Macedonia.

775 764 838 796 EX
856 764 933 796 LIB.
953 764 1005 797 LI.

270 846 437 886 Carthago
477 845 511 876 in
559 845 735 876 circuitum
778 844 889 876 xxm
934 855 1050 886 passus
1082 849 1215 886 patens,
1245 854 1362 885 magno
1397 844 1513 875 labore
1541 843 1599 875 ob-

180 901 275 924 sessa
293 895 325 922 et
342 900 402 933 per
421 894 533 931 partes
552 894 646 931 capta
666 895 731 931 est,
755 890 895 931 primum
913 900 930 921 a
950 889 1103 921 Mancino
1123 889 1251 930 legato,
1274 889 1390 921 deinde
1409 899 1427 920 a
1444 888 1600 931 Scipione

180 936 327 976 consule,
346 935 398 966 cui
412 940 510 966 extra
524 939 650 966 sortem
667 934 839 976 provincia
853 933 967 965 Africa
986 935 1062 966 data
1080 940 1163 966 erat.
1191 934 1483 975 Carthaginienses
1501 939 1598 976 portu

181 992 279 1021 novo,
298 981 373 1023 quia
387 984 485 1011 vetus
503 990 522 1011 a
536 979 688 1021 Scipione
707 984 779 1011 erat
798 979 1009 1019 obstructus,
1027 978 1116 1010 facto
1135 984 1168 1011 et
1186 984 1358 1011 contracta
1377 980 1460 1011 clam
1478 980 1598 1020 exiguo

179 1032 329 1069 tempore
348 1025 454 1067 ampla
473 1025 582 1056 classe
608 1023 790 1056 infeliciter
817 1024 930 1056 navali
953 1024 1082 1066 proelio
1106 1029 1347 1066 pugnaverunt.
1382 1024 1600 1056 Hasdrubalis

181 1081 324 1115 quoque,
349 1071 441 1102 ducis
464 1080 595 1108 eorum,
620 1075 732 1101 castra
756 1070 795 1101 ad
814 1070 993 1112 Nepherim
1017 1069 1169 1112 oppidum
1194 1070 1267 1100 loco
1291 1068 1420 1101 difficili
1445 1069 1510 1101 sita
1527 1079 1601 1101 cum

181 1117 335 1150 exercitu
353 1116 463 1148 deleta
481 1121 557 1147 sunt
574 1126 590 1146 a
612 1115 779 1156 Scipione,
798 1115 853 1157 qui
869 1116 1000 1146 tandem
1019 1116 1136 1147 urbem
1155 1115 1359 1156 expugnavit
1377 1114 1602 1156 septingente-

182 1163 264 1194 simo
282 1173 383 1194 anno,
403 1171 496 1204 quam
515 1165 589 1192 erat
607 1161 748 1192 condita.
785 1160 968 1202 spoliorum
985 1161 1091 1192 maior
1108 1170 1186 1202 pars
1204 1159 1336 1194 Siculis,
1354 1160 1473 1202 quibus
1491 1160 1602 1192 ablata

182 1213 292 1248 crant,
318 1208 457 1239 reddita.
497 1206 613 1237 ultimo
637 1206 728 1237 urbis
753 1206 883 1237 excidio
913 1216 986 1237 eum
1010 1216 1045 1237 se
1072 1205 1259 1237 Hasdrubal
1280 1205 1427 1247 Scipioni
1444 1205 1602 1244 dedisset,

184 1263 270 1285 uxor
288 1253 370 1292 eius,
389 1262 470 1294 quae
488 1251 600 1294 paucis
618 1256 694 1282 ante
712 1251 828 1282 diebus
845 1252 884 1282 de
901 1251 1021 1283 marito
1041 1251 1220 1293 impetrare
1239 1262 1301 1282 non
1319 1255 1490 1293 potuerat,
1507 1255 1545 1283 ut
1562 1250 1602 1281 ad

183 1299 345 1330 victorem
377 1296 643 1337 transfugerent,
674 1297 708 1328 in
743 1296 885 1327 medium
908 1306 943 1327 se
979 1297 1152 1337 flagrantis
1185 1296 1276 1328 urbis
1309 1295 1492 1327 incendium
1531 1305 1603 1327 cum

183 1344 310 1374 duobus
328 1343 444 1374 liberis
463 1353 503 1373 ex
519 1352 596 1373 arce
615 1341 860 1384 praecipitavit.
886 1342 996 1384 Scipio
1011 1342 1159 1384 exemplo
1175 1342 1280 1383 patris
1299 1341 1349 1372 sui
1362 1341 1482 1373 Aemili
1495 1339 1602 1381 Pauli,

184 1388 239 1430 qui
256 1387 483 1419 Macedoniam
503 1388 647 1426 vicerat,
673 1387 768 1418 ludos
787 1386 882 1426 feeit,
900 1386 1155 1428 transfugasque
1174 1397 1211 1417 ae
1230 1386 1390 1427 fugitivos
1408 1386 1525 1417 bestiis
1544 1386 1603 1417 ob-

183 1433 275 1465 iecit.
310 1433 389 1464 belli
408 1432 544 1463 Achaici
562 1432 684 1463 semina
704 1430 896 1463 referuntur
915 1433 1005 1470 haec,
1024 1432 1107 1474 quod
1127 1432 1226 1472 legati
1246 1431 1381 1463 Romani
1400 1431 1440 1462 ab
1458 1430 1601 1462 Achaeis

183 1478 308 1520 pulsati
327 1479 391 1510 sint
411 1477 577 1517 Corinthi,
596 1477 705 1515 missi,
724 1482 758 1508 ut
776 1486 832 1508 eas
851 1477 1021 1517 civitates,
1047 1487 1128 1519 quae
1147 1477 1206 1508 sub
1224 1477 1354 1508 dicione
1372 1475 1513 1518 Philippi
1530 1474 1602 1507 fue-

184 1528 269 1565 rant,
287 1523 327 1555 ab
347 1523 489 1555 Achaico
509 1522 650 1553 concilio
670 1527 894 1553 secernerent.

776 1623 838 1655 Ex
857 1622 931 1655 Llss.
952 1622 1015 1654 Lll.

279 1704 356 1737 Cum
377 1705 529 1736 Achaeis.
547 1705 600 1745 qui
618 1704 648 1735 in
668 1705 793 1735 auxilio
813 1704 954 1735 Boeotos
973 1709 1006 1736 et
1023 1703 1258 1735 Chalcidenses
1275 1702 1450 1742 habebant,
1469 1702 1506 1744 Q.
1521 1701 1604 1733 Cae-

189 1751 286 1782 cilius
313 1750 468 1781 Metellus
493 1750 531 1781 ad
555 1749 798 1792 'l'hermopylas
824 1749 909 1780 bello
936 1749 1101 1785 conflixit:
1133 1749 1249 1790 quihus
1275 1747 1374 1779 victis
1398 1748 1463 1779 dux
1489 1757 1603 1779 eorum

189 1796 359 1828 Critolaus
378 1795 586 1826 mortemsihi
603 1795 911 1826 vononovnnseivit.
931 1795 962 1826 in
979 1795 1071 1826 euius
1087 1795 1192 1825 locum
1204 1794 1334 1829 Diaeus,
1350 1793 1603 1825 Achaicimotus

189 1842 313 1884 primus
338 1845 474 1879 auctor,
501 1840 540 1871 ah
566 1840 707 1871 Achaeis
726 1841 789 1871 dux
810 1845 944 1871 creatus
975 1841 1013 1871 ad
1034 1840 1175 1871 isthmon
1201 1850 1219 1869 a
1238 1838 1273 1870 L.
1295 1838 1449 1870 Mummio
1468 1837 1603 1870 consule

190 1887 298 1917 §irtus
325 1891 392 1917 est:
423 1885 476 1927 qui
500 1886 584 1916 «mini
610 1886 735 1917 ,xvhaia
759 1886 789 1916 in
815 1886 1012 1916 deditionem
1038 1889 1171 1926 arrepta
1196 1884 1378 1915 Corinthon
1401 1894 1442 1915 ex
1467 1887 1602 1915 senatus

189 1932 342 1962 consulto
368 1931 488 1967 diruit,
513 1931 586 1973 quia
613 1931 655 1961 ihi
680 1931 781 1970 legati
805 1930 941 1962 Romani
968 1930 1084 1961 violati
1110 1934 1216 1961 erant.
1262 1928 1394 1961 Thebae
1419 1938 1546 1971 quoque
1570 1931 1604 1960 et

189 1976 332 2008 Chalcis.
352 1986 433 2017 quae
457 1976 584 2006 auxilio
608 1976 756 2010 fuerant,
773 1976 915 2007 dirutae.
950 1976 1018 2018 ipse
1040 1975 1073 2006 L.
1094 1975 1266 2006 Mummius
1285 1973 1602 2005 abstinentissimum

188 2021 295 2052 virum
315 2021 398 2058 egit,
419 2031 475 2050 nee
494 2021 666 2062 quiequam
686 2032 725 2052 ex
744 2021 791 2051 eis
811 2021 925 2062 opibus
945 2021 1226 2061 orimmentisque.
1247 2029 1328 2060 quae
1347 2018 1520 2060 praedives
1539 2018 1603 2048 Cn-

189 2066 318 2097 rinthos
337 2065 445 2096 hahuit
460 2089 467 2097 ,
492 2066 521 2096 in
547 2066 674 2096 donnum
694 2066 764 2096 eins
785 2076 857 2106 pers
869 2066 946 2096 enit.
975 2067 1010 2106 Q.
1029 2065 1191 2095 ‹lam-ilius
1213 2063 1365 2094 Metellus
1383 2064 1422 2094 de
1438 2063 1603 2095 Andrisco

188 2111 422 2152 triumphavit.
450 2109 482 2141 Ι).
503 2111 677 2141 Cornelius.
703 2111 902 2151 {lli-ieanus]
926 2110 1035 2151 Seipio
1056 2110 1260 2140 Aemilianus
1281 2109 1322 2140 de.
1346 2108 1547 2149 Carthagine
1570 2112 1604 2140 et

188 2156 406 2187 Hasdrubale.
444 2155 592 2187 viriatus
613 2156 643 2186 in
664 2155 817 2197 Hispania
839 2156 974 2196 primum
993 2166 1031 2186 ex
1055 2160 1186 2197 pastore
1206 2159 1361 2189 senator.
1381 2164 1420 2185 ex
1443 2158 1603 2185 venatore

190 2202 290 2237 latro,
309 2212 380 2232 mox
404 2200 482 2231 insti
501 2211 627 2242 quoqne
645 2201 814 2230 exereitus
832 2201 895 2231 dux
917 2200 1023 2231 faetus
1036 2225 1042 2237 ,
1069 2205 1170 2231 totam
1192 2199 1396 2231 Lusitaniam
1416 2198 1601 2241 occupavit,

188 2245 233 2278 M.
252 2246 408 2277 Vetilium
428 2250 614 2286 praetorem
634 2245 706 2276 l'uso
720 2246 790 2276 eins·
806 2246 955 2277 exerc-itu
976 2246 1072 2287 repit.
1092 2251 1163 2287 post
1183 2255 1275 2287 quem
1290 2246 1324 2276 C.
1341 2244 1488 2276 Plautius
1507 2253 1604 2286 prae-

225 2303 244 2331 12
263 2291 363 2322 nihilo
384 2291 512 2321 l‘elieius
532 2302 597 2322 rem
616 2292 738 2330 gessit:
769 2296 959 2332 tantumnque
977 2296 1140 2322 terrorem
1160 2291 1187 2322 is
1206 2290 1312 2321 hostis
1332 2289 1462 2328 intulit,
1492 2293 1527 2320 ut
1544 2288 1602 2321 ad-

226 2347 308 2376 ..0135
326 2347 398 2366 eum
418 2336 585 2367 consulari
609 2347 689 2378 opus
713 2342 798 2367 esset
822 2342 851 2367 et
872 2337 952 2366 duee
971 2341 1000 2367 et
1023 2336 1184 2367 exercitu.
1218 2340 1391 2377 praeterea
1412 2338 1520 2365 motus
1537 2333 1601 2377 Sy-

227 2386 316 2421 mni-t
342 2381 426 2411 helia
453 2381 540 2412 inter
571 2392 664 2421 reges
694 2386 786 2420 gesta
813 2382 1011 2412 rel'ernntnr.
1059 2381 1264 2418 Alexander,
1295 2382 1387 2412 homo
1413 2380 1544 2419 ignotus
1569 2382 1603 2411 et

228 2431 337 2467 Aptae
352 2426 477 2467 stirpis,
497 2427 618 2459 occiso.
636 2427 720 2457 sient
737 2427 947 2458 antedictum
964 2432 1025 2459 est.
1047 2426 1212 2458 Denietrio
1230 2436 1307 2465 rege
1321 2425 1352 2456 in
1368 2425 1465 2467 Syria
1482 2433 1601 2465 regna-

227 2491 266 2510 v„
294 2472 376 2502 hune
397 2471 581 2502 Demetrius
602 2472 744 2503 lla-metri
771 2473 874 2505 lilius.
899 2473 952 2513 qui
971 2484 986 2502 a
1009 2477 1100 2514 patre
1119 2472 1279 2513 qnondam
1299 2471 1339 2501 ob
1358 2470 1505 2501 incertos
1523 2468 1601 2500 belli

229 2517 485 2555 2..„j,1d›h—gnms
505 2516 633 2547 Cnidon
660 2517 783 2553 fuerat,
808 2522 991 2558 contempta
1018 2517 1167 2548 soc-ordia
1194 2516 1379 2557 inertiaque
1397 2514 1484 2551 eius,
1508 2513 1602 2545 adiu-

227 2561 496 2608 gnti.{ft‹›lt·111a‹·o
516 2563 657 2604 Aegypti
676 2573 763 2604 rege,
782 2563 874 2594 euius
893 2563 991 2593 liliam
1010 2563 1220 2605 Cleopatram
1239 2561 1269 2592 iu
1288 2558 1528 2592 matrimonium
1545 2568 1601 2590 ue-
