1712 2825
217 218 298 258 288
522 214 766 247 PnnlocuAE
791 214 1012 249 mononem
1037 214 1316 249 XLv-XLvn.

218 319 398 351 omitteret.
433 317 618 359 legationes
635 317 875 358 gratulantium
892 317 1086 359 populorum
1103 321 1201 358 atque
1219 326 1333 358 regum
1350 317 1384 348 in
1401 320 1551 348 senatum
1568 315 1628 347 ad-

217 364 339 396 missae
349 375 364 401 ,·
374 363 595 403 Rhodiorum,
621 363 675 405 qui
700 373 738 394 eo
759 363 848 394 bello
867 367 982 394 contra
1000 361 1153 404 populum
1170 361 1350 393 Romanum
1367 363 1447 403 regi
1461 360 1627 399 faverant,

218 409 368 441 exclusa.
387 413 520 450 postera
538 408 589 439 die
608 418 680 439 cum
698 408 737 439 de
751 418 789 439 eo
804 411 1033 449 quaereretur,
1051 412 1088 438 ut
1106 407 1153 438 eis
1172 407 1295 438 bellum
1312 407 1531 445 indiceretur,
1550 415 1629 437 cau-

217 464 287 486 sam
301 455 335 486 iu
352 459 470 485 senatu
487 453 615 495 patriae
632 463 712 484 suae
730 453 833 493 legati
850 456 1001 493 egerunt.
1028 461 1087 483 nee
1103 456 1267 494 tamquam
1286 451 1369 483 socii
1386 461 1445 483 nee
1461 456 1627 493 tamquam

215 500 330 532 hostes
348 498 486 530 dimissi.
512 498 704 530 Macedonia
722 498 754 529 in
773 498 966 540 provinciae
983 495 1121 528 formam
1140 498 1285 529 redacta.
1312 496 1474 528 Aemilius
1492 495 1627 535 Paulus,

217 544 478 587 repugnantibus
502 543 663 575 militibus
686 543 789 585 ipsius
814 547 950 584 propter
975 542 1133 573 minorem
1157 542 1312 584 praedam
1328 546 1361 573 et
1379 540 1628 573 contradicente

219 590 288 622 Ser.
305 589 450 632 Sulpicio
471 587 593 621 Galba.
609 588 828 629 triumphavit
846 593 878 619 et
897 587 1021 618 Persen
1040 598 1110 618 cum
1127 587 1236 619 tribus
1253 587 1330 619 filiis
1347 587 1442 618 duxit
1459 590 1534 618 ante
1552 595 1629 617 cur-

217 646 300 667 rum.
334 634 427 666 cuius
444 634 603 675 triumphi
619 633 747 664 laetitia
766 643 803 664 ne
818 633 924 664 solida
937 633 966 664 ei
981 632 1201 673 contingeret,
1220 633 1359 664 duorum
1376 631 1519 663 filiorum
1535 629 1630 662 fune-

217 681 310 712 ribus
327 679 484 720 insignita
501 684 563 717 est,
582 689 719 720 quorum
733 678 872 710 alterius
890 688 978 709 mors
991 678 1190 719 triumphum
1208 677 1313 719 patris
1331 676 1526 718 praecessit,
1543 675 1630 707 alte-

218 726 287 758 rius
313 729 427 757 secuta
451 729 514 755 est.
561 724 702 755 lustrum
727 733 745 755 a
771 723 964 755 censoribus
991 723 1156 754 conditum
1182 727 1249 761 est3
1283 731 1382 753 censa
1407 725 1484 753 sunt
1508 720 1628 752 civium

217 783 325 824 capita
343 780 484 812 CCCXIl
505 779 656 812 DCCCV.
687 779 823 811 Prusias
841 779 1015 822 Bithyniae
1038 789 1100 810 rex
1115 778 1268 818 Romam,
1293 782 1328 809 ut
1353 777 1484 809 senatui
1499 774 1630 818 gratias

218 832 333 867 ageret
351 827 390 857 ob
409 826 587 857 victoriam
604 835 645 856 cx
663 824 856 857 Macedonia
874 829 1017 866 partam,
1039 824 1130 855 venit
1148 829 1180 855 et
1198 823 1396 855 Nicomeden
1414 822 1517 854 filium
1534 831 1630 854 sena—

215 873 265 904 tui
279 871 532 904 commendavit.
564 881 624 902 rex
641 871 757 912 plenus
773 870 973 901 adulationis
988 869 1145 900 libertum
1159 879 1194 900 se
1208 868 1321 910 populi
1335 867 1475 899 Romani
1487 867 1629 899 dicebat.

780 949 842 981 Ex
860 949 937 981 LlB.
958 947 1074 981 XLVI.

311 1006 472 1037 Eumenes
492 1014 551 1035 rex
569 1003 705 1034 Romam
723 1003 830 1036 venit.
854 1003 907 1044 qui
925 1001 1138 1035 Macedonico
1163 1002 1249 1034 bello
1269 1000 1411 1032 medium
1429 1004 1554 1040 egerat.
1590 1008 1629 1030 ne

220 1057 275 1083 aut
292 1051 401 1082 hostis
420 1050 586 1081 iudicatus
605 1048 795 1086 videretur,
820 1048 849 1078 si
868 1048 1024 1079 exclusus
1043 1053 1142 1081 esset,
1166 1052 1223 1078 aut
1246 1046 1410 1077 liberatus
1431 1044 1582 1083 crimine,
1600 1043 1629 1075 si

223 1097 473 1134 admitteretur,
492 1095 523 1126 in
543 1103 711 1124 commune
728 1093 783 1124 lex
804 1093 869 1124 lata
889 1097 957 1129 est,
983 1102 1021 1123 ne
1040 1093 1093 1124 cui
1117 1092 1187 1133 regi
1206 1091 1341 1123 Romam
1360 1089 1474 1120 venire
1497 1089 1628 1120 liceret.

221 1142 379 1174 Claudius
397 1140 576 1172 Marcellus
601 1138 717 1170 consul
735 1138 875 1179 Alpinos
899 1136 1031 1175 Gallos,
1056 1138 1090 1169 C.
1110 1137 1276 1179 Sulpicius
1294 1133 1412 1166 Gallus
1436 1133 1552 1166 consu]
1573 1132 1631 1164 Li-

220 1197 320 1228 gures
350 1185 492 1226 subegit.
529 1184 630 1225 legati
660 1183 797 1214 Prusiae
828 1183 916 1223 regis
946 1182 1053 1224 questi
1086 1187 1162 1214 suut
1190 1183 1229 1214 de
1252 1181 1413 1219 Eumene,
1442 1179 1527 1221 quod
1549 1178 1629 1210 fines

219 1243 297 1264 suos
316 1231 542 1274 popularetur,
560 1229 780 1270 dixeruntque
799 1237 871 1258 eum
889 1228 1102 1269 conspirasse
1120 1238 1191 1258 cum
1209 1226 1373 1258 Antiocho
1392 1224 1554 1255 adversus
1571 1233 1629 1266 po-

219 1278 328 1320 pulum
347 1276 536 1308 Romanum.
572 1273 715 1305 societas
741 1283 812 1303 cum
831 1271 958 1304 Rhodis
976 1273 1229 1314 deprecantibus
1252 1273 1365 1303 iuncta
1390 1274 1453 1301 est.
1486 1269 1630 1300 lustrum

220 1344 237 1365 a
256 1332 451 1365 censoribus
475 1330 643 1362 eonditum
662 1334 727 1367 est3
760 1338 857 1359 censa
881 1333 957 1360 sunt
981 1328 1104 1359 civium
1128 1327 1237 1368 capita
1255 1323 1629 1364 CCCXXXVHXXII3

220 1379 372 1420 princeps
397 1381 531 1408 senatus
556 1374 598 1406 M.
624 1373 786 1405 Aemilius
813 1372 964 1414 Lepidus.
1011 1372 1221 1404 Ptolemaeus
1245 1372 1390 1415 Aegypti
1417 1381 1492 1412 rex,
1516 1370 1631 1413 pulsus

221 1433 322 1463 reguo
337 1433 354 1454 a
369 1423 493 1453 minore
508 1419 623 1457 fratre,
643 1418 751 1449 missis
769 1418 807 1448 ad
826 1428 897 1449 eum
914 1418 1036 1458 legatis
1055 1417 1232 1448 restitutus
1252 1422 1313 1448 est.
1339 1416 1528 1455 Ariarathe,
1547 1414 1631 1457 Cap-

220 1467 375 1511 padociae
390 1476 478 1506 rege,
499 1469 629 1495 mortuo
644 1463 809 1494 filiuseius
826 1462 1021 1494 Ariarathes
1031 1472 1164 1502 regnum
1179 1462 1306 1503 accepit
1320 1465 1352 1493 et
1366 1460 1544 1492 amicitiam
1559 1469 1631 1491 eum

220 1513 340 1555 populo
359 1511 503 1543 Romano
526 1519 583 1551 per
607 1509 736 1549 legatos
756 1508 940 1538 renovavit.
976 1517 1029 1539 res
1054 1511 1229 1548 practerea
1253 1507 1414 1537 adversus
1432 1504 1575 1546 Ligures
1598 1509 1631 1536 et

221 1558 345 1589 Corsos
363 1561 395 1587 et
415 1555 591 1587 Lusitanos
611 1553 704 1584 vario
723 1557 842 1584 eventu
862 1557 973 1593 gestas
993 1557 1023 1583 et
1043 1556 1151 1582 motus
1166 1551 1287 1594 Syriae
1305 1555 1435 1582 mortuo
1453 1550 1632 1589 Antiocho,

221 1603 275 1645 qui
305 1602 407 1633 filium
432 1600 628 1631 Antiochum
659 1607 793 1640 puerum
822 1598 992 1628 admodum
1024 1597 1217 1638 reliquerat,
1246 1596 1403 1627 continet.
1449 1595 1533 1626 huuc
1563 1594 1631 1625 An-

220 1648 365 1679 tiochum
384 1656 518 1688 puerum
537 1654 607 1675 cum
628 1642 729 1686 Lysia
748 1647 859 1674 tutore
878 1643 1065 1674 Demetrius
1085 1641 1214 1672 Seleuci
1233 1641 1338 1679 tilius,
1363 1640 1417 1682 qui
1436 1639 1557 1671 Romae
1575 1639 1633 1671 ob-

222 1703 275 1725 ses
294 1692 413 1730 suerat,
431 1691 525 1728 clam,
543 1689 618 1731 quia
635 1700 696 1719 non
711 1687 951 1727 dimittebatur,
970 1698 986 1718 a
1007 1687 1107 1718 lloma
1122 1686 1298 1729 profugus
1316 1685 1495 1725 interemit,
1513 1689 1546 1716 et
1563 1685 1633 1726 ipse

223 1738 254 1769 in
274 1748 407 1778 reguum
427 1740 590 1777 receptus.
624 1733 660 1765 L.
680 1733 821 1764 Aemilio
840 1732 959 1771 Panlo,
984 1733 1037 1774 qui
1056 1732 1178 1763 Persen
1198 1732 1343 1767 vicerat,
1369 1734 1514 1769 mortno,
1539 1729 1632 1761 cuius

223 1788 313 1814 tanta
332 1781 532 1814 abstinentia
552 1778 631 1816 suit,
651 1783 696 1817 ut,
716 1789 786 1809 cnm
806 1788 844 1809 ex
866 1778 1019 1820 Hispania
1039 1782 1070 1808 ct
1089 1788 1130 1808 cx
1148 1776 1340 1808 Macedonia
1361 1776 1536 1806 imnxcnsas
1554 1784 1632 1817 opes

223 1828 417 1865 retulisset,
444 1826 497 1857 vix
517 1835 556 1855 ex
576 1824 729 1856 auctione
747 1823 817 1854 eius
836 1823 1003 1855 redactum
1023 1823 1083 1858 sit,
1102 1823 1184 1853 unde
1203 1821 1300 1853 uxori
1317 1821 1387 1852 eius
1405 1820 1463 1851 dos
1482 1820 1633 1851 solvere-

223 1878 290 1911 tur,
305 1888 317 1903 *
330 1889 354 1905 ι.
376 1871 563 1913 Pomptinae
580 1869 712 1911 paludes
730 1879 746 1899 n
763 1869 918 1899 Cornelio
934 1869 1077 1908 Cethego
1092 1867 1238 1903 consule,
1253 1866 1304 1898 cui
1319 1875 1355 1897 ea
1371 1865 1540 1907 provinc-ia
1554 1874 1634 1896 eve-

226 1923 331 1956 nerat,
350 1917 504 1954 siccatae,
523 1924 666 1956 agerque,
684 1924 723 1945 ex
745 1913 784 1944 iis
803 1913 919 1945 factus.

776 1993 833 2024 lix
856 1992 930 2023 LlB.
950 1991 1082 2024 XLVII.

316 2052 374 2081 (In.
392 2049 574 2081 Tremellio
599 2047 743 2090 praetori
769 2047 867 2077 multa
892 2046 978 2076 dicta
1003 2050 1069 2083 est,
1096 2044 1178 2085 qnml
1199 2054 1269 2074 cum
1289 2042 1330 2073 M.
1350 2042 1492 2073 Aemilio
1511 2040 1633 2083 Lepido

226 2096 379 2139 pontilice
399 2095 539 2125 nnaxinn»
566 2093 726 2124 iniuriose
744 2091 975 2126 contenderat,
1001 2098 1238 2129 sacrorumque.
1262 2097 1356 2129 quani
1380 2087 1634 2127 magistratuum

227 2142 277 2174 ius
297 2140 463 2183 potentius
481 2138 552 2170 snit.
587 2139 638 2168 lex
658 2138 696 2167 de
715 2136 837 2166 ambitu
862 2135 937 2165 lala.
973 2135 1112 2165 lustrum
1131 2144 1147 2163 a
1167 2132 1360 2163 censoribus
1378 2131 1547 2163 conditum
1564 2135 1632 2169 θεῖς

227 2207 324 2228 cerusa
351 2200 426 2227 sunt
450 2194 569 2225 visiun·
594 2193 700 2234 capita
726 2189 947 2222 ‹Jtltlxxx'lll
967 2189 1143 2225 (unhul,
1169 2189 1319 2230 princeps
1343 2190 1482 2219 senatus
1504 2191 1634 2219 sextum

228 2241 389 2274 Aemilius
410 2239 561 2281 Lepidus.
597 2238 682 2268 inter
703 2237 906 2267 Ptolemaeos
926 2235 1066 2270 l'ratrcs,
1083 2235 1137 2276 qni
1156 2234 1371 2272 dissidebant,
1390 2231 1503 2264 snt-,dus
1522 2232 1634 2269 ictum,

229 2292 263 2318 ut
281 2288 367 2318 alter
390 2288 422 2316 o'n
442 2285 606 2326 Aegypto,
624 2282 711 2312 alter
729 2282 872 2324 (lyr-vnis
898 2285 1060 2320 regnaret.
1097 2279 1292 2310 Ariarathes
1315 2276 1540 2320 Cappadociae
1563 2285 1635 2316 rex,

230 2332 371 2363 consilio
392 2330 535 2362 llenwtri
554 2327 673 2370 syrin·-
699 2327 786 2366 rcgis
804 2332 834 2357 ct
857 2326 983 2357 xiribns
1010 2326 1121 2367 pulsus
1147 2334 1264 2363 =·‹·gno.
1288 2334 1304 2354 a
1323 2327 1439 2354 seimtu
1459 2321 1635 2354 restitutus

227 2382 289 2408 est.
324 2376 416 2408 missi
435 2386 451 2406 a
472 2379 599 2411 senatu,
618 2372 669 2414 qui
696 2372 783 2403 inter
803 2371 1009 2402 Masinissam
1034 2375 1065 2401 et
1084 2369 1373 2409 Carthaginienses
1391 2368 1431 2398 de
1448 2377 1528 2407 agro
1552 2365 1636 2398 iudi-

230 2427 353 2453 carent.
400 2422 434 2451 C.
461 2419 604 2450 Marcius
634 2418 747 2447 consul
774 2418 936 2447 adversus
962 2416 1129 2446 Dalmatas
1160 2414 1294 2456 primuni
1324 2423 1436 2454 parum
1466 2420 1635 2454 prospere,

231 2471 343 2509 postca
363 2465 506 2496 feliciter
522 2462 696 2503 pugnavit:
715 2473 785 2492 cnm
804 2462 918 2503 quibus
934 2461 1019 2491 bello
1035 2458 1229 2498 confligendi
1245 2468 1342 2489 cansa
1362 2456 1435 2496 suit,
1453 2456 1536 2498 quod
1554 2454 1635 2498 llly-

232 2512 318 2545 rios.
349 2511 456 2541 socios
488 2509 596 2551 populi
628 2507 778 2545 Romani,
809 2510 1041 2538 unstavernnt:
1076 2505 1275 2545 tantidemque,
1303 2507 1431 2542 gentem
1461 2499 1634 2532 Cornelius

233 2555 353 2587 Nasica
372 2555 486 2585 consul
505 2553 641 2585 doinuil.
675 2554 712 2593 Q.
733 2551 882 2593 (lpiinius
901 2551 1013 2581 consul
1034 2548 1275 2590 'l‘ransalpinos
1294 2547 1449 2587 Ligures,
1474 2544 1527 2587 qui
1546 2543 1635 2576 Mus-

230 2601 414 2632 siliensium
434 2599 550 2641 oppidu
571 2597 751 2639 Antipolim
776 2601 809 2627 el
828 2596 981 2627 Nicaeam
1002 2595 1190 2632 vastabunt,
1214 2592 1354 2633 subegit.
1389 2594 1561 2633 praeterea
1581 2599 1634 2622 reu
