1712 2825
125 612 179 650 66

155 1356 175 1388 (Σ)

206 171 287 211 376

605 169 732 203 LIBER
747 170 929 204 XXXXII.
971 171 1063 204 CAP.
1079 171 1133 203 65.
1149 170 1204 203 66.

203 274 370 313 Romani
397 277 506 312 erant
525 294 580 300 ——-
602 285 690 312 cum
719 273 890 323 equitatu
919 285 962 311 ac
986 273 1057 311 levi
1079 277 1272 312 armatura
1292 296 1348 300 —-
1368 278 1617 314 accesserant
1653 279 1656 282 ’

203 342 303 369 nova
324 330 472 377 auxilia,
493 328 695 368 Numidiae
714 330 864 380 pedites
887 329 1114 380 equitesque
1135 334 1183 368 et·
1192 329 1382 380 elephanti
1403 353 1458 357 —
1475 330 1612 370 castris

203 386 397 437 egreditur
417 390 455 425 et
472 385 637 426 tribunis
658 385 824 425 militum
846 386 1023 436 imperat,
1042 390 1087 424 ut
1102 385 1298 436 legionum
1315 385 1426 436 signa
1443 399 1613 437 sequan-

135 451 175 483 13
204 449 280 482 tur.
321 444 406 493 ipse
433 442 608 481 velitibus
636 443 682 481 ad
704 442 894 481 firmanda
915 442 1054 481 levium
1075 454 1274 481 armorum
1297 442 1433 482 auxilia
1456 443 1613 483 adiectis

135 506 177 538 14
205 499 252 539 ad
273 499 464 538 tumulum
487 499 692 550 praecedit.
736 498 910 537 consulis
932 498 1049 538 latera
1069 504 1206 549 tegunt
1224 499 1440 546 Eumenes,
1464 499 1613 539 Attalus

205 561 244 595 et
262 556 491 606 Misagenes,
511 555 666 606 regulus
687 554 956 594 Numidarum.

319 612 414 652 Cum
443 612 483 650 in
515 616 728 662 conspectu
756 611 882 662 prima
911 611 1018 662 signa
1046 623 1209 650 suorum
1233 611 1503 651 circumsessis
1525 612 1615 651 fue-

203 673 305 715 runt,
328 668 513 707 Romanis
535 668 690 719 quidem
712 668 758 706 ab
780 668 928 707 ultuma
951 668 1223 720 desperatione
1243 672 1438 707 recreatus
1455 673 1515 707 est
1530 669 1614 708 ani-

155 731 176 762 2
205 737 314 773 mus3
335 726 513 769 Perseus,
538 724 598 764 cui
620 725 791 775 primum
814 724 988 763 omnium
1010 725 1146 772 fuerat,
1166 729 1209 763 ut
1230 728 1436 763 contentus
1451 724 1612 764 fortuito

207 794 408 826 successu,
440 781 559 831 captis
583 780 728 832 aliquot
746 780 1096 820 frumentatoribus
1119 781 1352 831 occisisque,
1371 793 1452 820 non
1472 786 1616 821 tereret

155 844 174 875 3
203 843 360 889 tempus
388 838 427 876 in
456 837 662 876 obsidione
689 837 889 889 praesidii,
917 838 1152 885 secundum,
1182 850 1224 876 ea
1252 849 1406 889 quoque
1426 842 1616 890 temptata

203 900 431 944 utcumque,
461 905 547 932 cum
571 895 688 932 sciret
708 894 803 932 nihil
824 894 980 933 roboris
1003 907 1135 934 secum
1158 907 1265 939 esse,
1288 894 1380 933 dum
1402 894 1535 934 liceret
1553 894 1615 934 in-

203 955 304 989 tacto
327 950 446 997 abire,
469 956 506 989 et
525 951 610 1001 ipse
631 951 804 989 hostium
826 950 1031 990 adventum
1054 951 1174 990 elatus
1196 963 1380 990 successu
1401 951 1557 999 mansit,
1578 955 1616 990 et

154 1015 175 1046 4
205 1007 268 1057 qui
294 1007 523 1057 phalangem
553 1013 791 1045 arcesserent
818 1019 984 1059 propere
1012 1007 1136 1054 misit,
1172 1019 1270 1057 quac
1297 1015 1334 1046 et
1354 1007 1478 1046 serius
1499 1020 1616 1059 quam

202 1075 265 1101 res
287 1062 507 1113 postulabat
527 1067 582 1109 et,
603 1063 746 1114 raptim
768 1069 861 1111 acta,
887 1063 1036 1103 turbata
1060 1075 1176 1102 cursu
1198 1064 1380 1102 adversus
1401 1064 1614 1103 instructos

204 1124 241 1157 et
257 1124 509 1170 praeparatos
526 1124 607 1158 erat
623 1120 844 1158 adventura.
879 1121 1015 1159 consul
1033 1120 1279 1159 anteveniens
1295 1120 1486 1171 extemplo
1498 1132 1616 1171 proe-

203 1175 298 1214 lium
322 1175 532 1214 conseruit.
574 1177 702 1227 primo
725 1176 907 1215 resistere
928 1177 1155 1215 Macedones
1171 1207 1179 1223 ,
1202 1176 1358 1223 deinde,
1386 1182 1431 1216 ut
1449 1177 1553 1216 nulla
1573 1189 1616 1216 re

204 1244 318 1283 pares
341 1237 460 1279 erant,
482 1232 637 1272 amissis
659 1233 839 1272 trecentis
857 1233 1064 1285 peditibus,
1086 1232 1217 1284 viginti
1234 1238 1416 1284 quattuor
1430 1233 1617 1284 primori-

203 1289 276 1327 bus
299 1288 470 1340 equitum
493 1302 537 1328 ex
560 1289 628 1335 ala,
652 1302 765 1340 quam
789 1302 937 1329 sacram
955 1295 1106 1337 vocant,
1128 1290 1228 1328 inter
1244 1302 1343 1340 quos
1359 1289 1614 1330 Antimachus

205 1344 318 1384 etiam
341 1345 560 1396 praefectus
584 1346 663 1385 alae
685 1346 833 1393 cecidit,
856 1347 960 1385 abire
977 1352 1181 1385 conantur.
1215 1351 1385 1385 ceterum
1402 1346 1474 1385 iter
1489 1358 1615 1398 prope

203 1401 289 1452 ipso
312 1401 460 1451 proelio
482 1403 759 1441 tumultuosius
779 1403 862 1441 fuit.
903 1403 1067 1454 phalanx
1090 1403 1156 1441 abs
1172 1402 1324 1453 trepido
1340 1403 1479 1442 nuntio
1496 1403 1615 1442 accita

205 1470 293 1496 cum
326 1458 465 1508 raptim
497 1458 724 1505 duceretur,
761 1459 888 1509 primo
917 1459 957 1497 iu
985 1458 1173 1508 angustiis
1202 1459 1442 1509 captivorum
1471 1458 1615 1510 agmini

208 1513 334 1552 oblata
362 1513 620 1565 vehiculisque
647 1515 845 1554 frumento
875 1515 1027 1554 onustis
1057 1514 1191 1554 haesit.
1234 1515 1370 1565 ingens
1391 1515 1443 1554 ibi
1465 1515 1611 1554 vexatio

202 1602 289 1634 allen
311 1602 441 1642 Seiten,
472 1613 499 1634 c.
531 1602 592 1643 (36,
617 1604 647 1635 2.
667 1622 710 1627 —-
733 1615 873 1645 necess„

203 1648 302 1678 sehon
332 1659 359 1678 c.
391 1648 451 1686 (52,
482 1648 518 1687 2,
547 1649 710 1680 erwiilint.
739 1668 783 1672 —-
805 1649 871 1691 leg.

201 1694 320 1734 signa,
350 1692 409 1733 25,
439 1693 495 1733 14,
527 1693 578 1724 10.
603 1694 770 1726 —lalera
794 1697 872 1737 lega,

201 1738 255 1777 40,
275 1738 305 1777 (i,
324 1737 355 1770 4.
373 1756 416 1760 ——
434 1741 466 1769 el
483 1738 620 1780 .t!1·sag.‚
640 1749 666 1770 c.
687 1740 741 1779 53,
759 1740 787 1771 o.

247 1821 314 1868 66,
337 1827 420 1858 1-4.
455 1827 595 1860 Roman
623 1829 732 1871 quid„
757 1830 823 1870 vgl.
842 1841 869 1861 c.

201 1872 258 1914 (io,
285 1872 313 1902 7.
334 1892 375 1895 ——
393 1873 434 1904 ab
451 1892 474 1895 —
492 1876 651 1916 recreat.,
676 1874 710 1914 2,
729 1876 789 1915 50,
812 1875 870 1907 10:

201 1917 395 1960 respirandi
410 1928 430 1949 a
446 1929 588 1959 μαι-υνυς
610 1919 640 1959 7,
663 1920 690 1951 l.
710 1920 744 1950 7:
763 1931 783 1951 (ι
801 1920 869 1951 bel-

200 1962 231 1993 lo
260 1965 380 2004 quietis
405 1964 505 1995 rebus
531 1975 560 1995 u.
585 1975 615 1995 a.
644 1982 688 1987 --
710 1967 811 2007 prim.
839 1976 868 1996 o.

190 2008 333 2049 ιβαφαὶ,
363 2017 515 2044 gewesen
542 2009 647 2049 wiire,
679 2010 770 2040 hiittc
796 2010 866 2041 sein

200 2051 327 2083 sollcn:
362 2053 413 2083 die
449 2053 640 2093 Bedingnng
674 2054 717 2085 ist
751 2059 867 2086 unter-

200 2096 329 2128 dviickt.
362 2116 392 2119 —
416 2101 452 2129 nl
470 2099 548 2129 nach
565 2100 713 2141 primum
727 2101 867 2140 suerat,

199 2142 346 2181 ‹lagegen
362 2142 402 2172 im
414 2141 506 2182 Folg.
521 2144 600 2174 nar-li
615 2144 798 2176 seeundum
810 2145 870 2175 der

200 2185 360 2228 lnlinitiv,
390 2187 455 2225 vgl.
482 2188 547 2218 Cic.
573 2188 629 2219 Or.
657 2190 693 2225 2,
713 2189 765 2228 72,
787 2190 867 2221 2213:

200 2242 322 2272 mmm,
346 2234 384 2263 ul
407 2250 427 2254 -
444 2233 526 2264 uilu'l
541 2233 761 2276 respondeam
779 2253 799 2256 —
816 2234 866 2266 al-

203 2279 311 2309 lerum
335 2279 385 2308 est
401 2277 498 2316 illud,
523 2278 612 2318 quud
627 2291 691 2309 mm
711 2282 778 2310 Iam
797 2280 867 2311 ela-

201 2324 322 2355 lun-are
338 2321 446 2360 εοΙσος
472 2322 507 2354 L.
529 2323 567 2354 27
580 2349 586 2359 ,
602 2323 661 2363 33,
681 2326 718 2360 213
737 2325 794 2363 553,
814 2325 866 2366 31,

204 2366 255 2399 11.
274 2385 316 2390 —
334 2370 493 2410 ulmum„
512 2378 536 2399 s.
554 2368 574 2408 ᾗ
590 2368 624 2398 7:
645 2369 862 2408 zu152,3‚⁴1;

199 2414 254 2451 21),
274 2412 324 2452 15,
345 2412 865 2454 1.—r01›0m·s,seimon-,nvm-

199 2461 350 2499 truppun.
368 2476 410 2480 —
427 2458 542 2490 licet-ol
559 2469 589 2489 n.
609 2460 652 2499 ei,
670 2469 695 2489 S.
715 2469 742 2490 c.
761 2459 813 2498 315,
833 2461 863 2491 ti.

199 2520 242 2524 —
265 2502 392 2543 elatus,
418 2514 446 2535 c.
471 2504 529 2544 59,
554 2504 584 2535 9.
607 2521 650 2526 —
667 2505 810 2544 mansit,
831 2505 861 2542 2,

199 2546 258 2586 110,
277 2548 308 2578 n.
327 2565 369 2570 —
386 2559 529 2591 propere
546 2548 669 2580 kiinnte
688 2559 729 2579 zu
746 2559 861 2580 nrt-vs-

199 2595 313 2625 serent
336 2594 400 2624 und
425 2604 465 2625 zu
490 2595 584 2626 misit
606 2603 753 2635 gezogen
778 2604 864 2626 wer-

946 1605 1021 1636 den.
1044 1623 1089 1627 —
1111 1614 1196 1646 quae
1225 1604 1270 1635 ist
1297 1604 1531 1636 wahrscheinl.
1554 1605 1615 1637 mit

947 1649 1081 1689 Madvig
1104 1654 1146 1681 st.
1165 1660 1230 1691 qua
1248 1660 1289 1680 zu
1307 1649 1411 1690 lesen,
1429 1650 1469 1681 da
1486 1650 1538 1682 die
1554 1649 1612 1682 Hs.

946 1705 1038 1726 zwar
1068 1695 1210 1735 turbati,
1239 1694 1320 1726 aber
1346 1694 1536 1728 adventura
1558 1696 1615 1728 hat

945 1741 1010 1772 und
1029 1740 1087 1771 der
1102 1739 1260 1772 Weclisel
1279 1750 1340 1771 von
1358 1743 1434 1772 acta
1450 1751 1482 1771 u.
1498 1742 1614 1773 turba-

946 1787 973 1816 ti
998 1785 1076 1816 sehr
1099 1785 1172 1816 bart
1189 1785 1295 1827 ware,
1319 1785 1469 1826 obgleich
1484 1785 1537 1817 bei
1553 1786 1614 1818 der

944 1828 1100 1861 sriiheren
1130 1829 1253 1862 Lesart
1290 1841 1355 1872 qua
1388 1830 1439 1862 ein
1474 1830 1612 1863 &Vider-

945 1877 1064 1917 spi-uel}
1097 1875 1186 1906 nicht
1214 1879 1297 1906 statt
1326 1875 1450 1915 findet,
1483 1876 1523 1907 da
1552 1876 1610 1908 das

942 1921 1136 1962 vcrspiitetc
1147 1919 1351 1952 Ausbrecheu
1366 1921 1444 1952 sehr
1456 1920 1542 1952 wohl
1552 1921 1613 1954 mit

943 1966 1014 1997 dein
1034 1966 1171 1996 raschen
1187 1964 1338 1996 Mars-che
1356 1965 1523 2006 vereinigt
1539 1965 1611 1998 sein

942 2010 1083 2042 konnte:
1123 2010 1180 2040 das
1215 2010 1542 2051 Entgegcngesetzto
1577 2010 1607 2052 7,

941 2055 1001 2094 37,
1025 2055 1062 2085 ti:
1087 2056 1264 2095 confestim
1289 2056 1390 2098 sig-na
1406 2059 1498 2088 mola
1512 2074 1535 2079 —
1550 2066 1609 2089 ra—

940 2102 1023 2143 ptim
1042 2101 1161 2141 agilm-
1177 2111 1311 2141 agmen,
1331 2100 1398 2141 vgl.
1417 2100 1476 2143 31,
1494 2100 1552 2143 21,
1571 2102 1609 2134 4:

942 2146 1069 2189 raptim
1092 2156 1213 2186 agmen
1232 2145 1370 2177 (luctum
1387 2148 1480 2185 crat3
1504 2145 1558 2187 26,
1577 2146 1608 2186 5,

942 2191 960 2221 3
981 2201 1010 2222 u.
1028 2201 1057 2221 a.
1076 2208 1119 2213 —
1133 2193 1294 2232 nutarem,
1312 2201 1374 2223 vor
1387 2191 1447 2222 der
1458 2188 1611 2224 Ankuust

941 2235 1001 2266 der
1019 2235 1176 2266 Phalanx.

983 2281 1071 2312 5-7.
1103 2282 1279 2324 primorib.
1297 2291 1357 2323 eq„
1376 2280 1442 2321 vgl.
1462 2291 1489 2313 c.
1505 2279 1560 2323 58,
1574 2279 1606 2313 9.

939 2327 1029 2357 intel·
1046 2337 1085 2368 (1.,
1103 2337 1130 2357 c.
1150 2326 1204 2366 57,
1218 2326 1250 2358 9.
1263 2327 1391 2366 -αὺε,
1406 2325 1461 2367 26,
1483 2325 1532 2367 15,
1553 2324 1608 2358 12.

938 2388 982 2394 -
1010 2372 1198 2413 angustiis,
1227 2371 1267 2403 ini
1293 2370 1386 2411 Folg.
1417 2381 1477 2414 per·
1502 2380 1606 2414 prae-

939 2427 1036 2458 ceps,
1083 2416 1199 2447 ‹lt-utet
1246 2416 1298 2447 die
1344 2415 1608 2448 Beschafl'enheit

938 2462 995 2491 des
1033 2460 1192 2492 Terrains
1231 2471 1292 2492 nur
1324 2471 1376 2492 uu.
1409 2478 1453 2484 —
1484 2460 1605 2502 haesit,

937 2506 1003 2545 vgl.
1028 2506 1086 2546 ΣΗ,
1107 2505 1163 2546 15,
1181 2505 1215 2537 S:
1239 2508 1374 2539 semmel
1387 2506 1455 2549 ipsa·
1467 2506 1607 2548 agmine

934 2552 966 2581 ιἰι
997 2553 1070 2582 arlo
1099 2551 1295 2592 haerentes,
1324 2550 1391 2591 vgl.
1425 2550 1458 2591 1,
1481 2550 1540 2591 37,
1565 2550 1604 2590 13

937 2595 997 2636 33,
1027 2595 1085 2637 4⁴,
1117 2598 1154 2629 ὃς
1185 2596 1243 2639 29,
1268 2595 1329 2638 33,
1351 2595 1388 2635 73
1419 2594 1478 2635 22,
1501 2594 1539 2638 5,
1563 2594 1602 2634 53

1453 188 1479 206 a.
1500 188 1528 206 u.
1548 181 1611 208 583.
1640 200 1646 207 .
1673 162 1679 166 ”
